1893 3204
293 220 341 259 16

289 336 332 372 In
364 334 447 371 aliis
489 344 572 370 cum
615 344 661 369 ea
701 341 801 379 quae
840 328 1071 367 exciderunt
1105 327 1300 375 gravioris
1337 328 1521 366 momenti
1552 327 1650 376 sint,
1689 339 1767 366 non

287 403 408 451 liquet
438 413 507 438 cur
537 398 750 437 contractio
782 397 961 436 consulto
994 396 1042 433 sit
1074 394 1190 445 facta,
1224 396 1334 434 velut
1367 398 1551 445 129,19;
1586 397 1676 442 156,
1698 397 1768 446 22;

289 472 381 516 275,
402 472 435 507 2.
497 467 641 505 Contra
671 465 815 502 nullius
838 464 921 502 fere
942 461 1125 500 momenti
1157 473 1201 499 ea
1222 467 1324 509 sunt,
1356 476 1457 513 quae
1488 476 1576 513 pag.
1601 464 1693 509 245,
1717 465 1768 502 13

288 541 326 575 et
357 539 448 585 329,
470 538 492 574 3
524 532 828 581 interciderunt3
864 531 933 570 sed
965 530 1087 568 altero
1109 529 1195 568 loco
1232 534 1321 579 post
1352 531 1520 570 verbum
1553 520 1770 581 ὀνομάσαι

288 606 325 643 in
355 605 388 641 B
416 614 538 652 parva
568 601 712 638 lacuna
743 600 959 648 invenitur,
1001 602 1041 636 ut
1080 598 1138 635 his
1171 609 1331 647 quoque
1362 599 1456 638 locis
1493 611 1617 650 parva
1649 597 1768 638 detri-

289 674 416 710 menta
446 671 483 708 in
515 669 732 718 archetypo
763 667 884 705 fuisse
917 667 1097 705 conicere
1128 666 1256 704 liceat.

400 738 575 776 Alterum
607 748 736 786 genus
767 735 816 773 ad
849 746 915 773 eos
948 736 1100 784 spectat
1131 734 1250 781 locos,
1282 733 1428 783 quibus
1459 735 1581 774 verba
1611 734 1770 774 Strabo—

288 806 346 844 nis
376 805 489 842 aliter
520 804 558 841 in
591 803 725 842 codice
750 803 802 852 B,
839 802 949 839 aliter
986 802 1024 839 in
1063 801 1205 839 ceteris
1242 801 1356 840 codd.
1389 801 1498 840 decc.
1532 803 1571 841 in
1609 803 1770 842 brevius

287 872 475 911 contracti
506 874 608 909 sunt.
668 871 815 908 Harum
853 869 1063 907 lectionum
1107 871 1315 918 utramque
1353 868 1430 907 iam
1471 869 1510 907 in
1550 869 1769 920 archetypo

286 940 480 978 exstitisse
511 939 736 989 perspicere
768 938 857 975 licet
888 949 935 975 ex
958 937 994 974 II
1020 940 1110 986 115,
1135 940 1169 987 7,
1200 937 1267 975 ubi
1296 937 1531 986 scripturam
1562 936 1710 976 codicis
1732 937 1769 975 B

286 1021 333 1047 ex
364 1008 486 1046 altera
517 1006 609 1045 oriri
641 1019 717 1044 non
750 1005 925 1055 potuisse
963 1017 1035 1055 per
1065 1017 1105 1044 se
1137 1001 1324 1056 apparet,
1357 1005 1537 1044 codicum
1564 1006 1580 1043 l
1609 1016 1646 1043 m
1675 1018 1770 1045 vero

285 1077 520 1126 scripturam
553 1088 630 1113 non
664 1088 711 1113 ex
744 1074 889 1112 codicis
910 1074 946 1111 B
975 1074 1161 1124 lectione,
1192 1073 1261 1112 sed
1294 1086 1343 1112 ex
1374 1086 1469 1113 vera
1502 1074 1567 1112 illa
1598 1087 1702 1124 quae
1733 1075 1772 1112 in

286 1144 422 1183 codice
453 1144 484 1181 ,4
515 1144 712 1181 invenitur
752 1146 790 1180 et
826 1154 929 1191 quae
971 1142 1095 1192 primo
1140 1142 1177 1179 in
1218 1141 1513 1180 decurtatorum
1553 1142 1772 1192 archetypo

286 1210 369 1260 fuit,
400 1209 617 1259 profectam
650 1221 735 1247 esse
768 1221 816 1247 ex
838 1209 958 1247 verbo
992 1204 1160 1258 σκέψιν,
1192 1209 1298 1258 quod
1330 1210 1505 1259 genuino
1527 1208 1650 1247 verbo
1681 1202 1772 1246 ἐπί-

287 1285 443 1327 σκεψιν
484 1278 718 1316 simillimum
751 1280 829 1326 est,
871 1278 955 1315 iure
988 1277 1211 1327 collegeris.
1270 1277 1356 1316 Nec
1395 1277 1523 1315 minus
1563 1277 1638 1315 hoc
1667 1276 1772 1315 idem

288 1349 377 1392 122,
400 1349 450 1385 21
484 1358 531 1384 ex
562 1345 681 1384 verbo
714 1337 808 1396 ὄρη,
838 1344 943 1394 quod
977 1347 1016 1382 et
1046 1345 1084 1382 in
1117 1357 1213 1383 sano
1246 1344 1382 1383 codice
1404 1346 1436 1382 Α
1468 1347 1507 1383 et
1537 1345 1576 1383 in
1605 1346 1621 1383 l
1650 1355 1687 1382 m
1717 1345 1773 1383 in-

287 1414 453 1462 venitur,
484 1411 797 1451 concludendum
831 1411 997 1450 videtur.
1058 1412 1169 1459 Quae
1209 1425 1296 1450 cum
1328 1411 1382 1450 ita
1412 1412 1509 1458 sint,
1551 1411 1617 1450 vix
1647 1410 1771 1451 credi-

286 1483 363 1521 bile
393 1481 549 1520 videtur
580 1493 678 1530 esse,
710 1481 757 1518 ab
780 1493 838 1529 eo,
869 1481 935 1530 qui
969 1481 1148 1519 consulto
1180 1481 1288 1519 locos
1319 1479 1511 1530 quosdam
1544 1480 1583 1518 in
1614 1479 1773 1519 brevius

287 1551 547 1594 contraheret,
578 1549 676 1588 duas
697 1549 911 1599 scripturas
943 1561 1029 1587 esse
1051 1550 1211 1599 positas,
1243 1561 1410 1599 quarum
1434 1549 1559 1587 altera
1589 1548 1627 1586 in
1650 1550 1773 1598 textu,

286 1619 408 1657 altera
438 1617 603 1656 fortasse
643 1618 679 1655 in
713 1616 889 1666 margine
928 1617 1201 1662 collocaretur.
1265 1617 1388 1655 Multo
1421 1616 1575 1655 facilius
1607 1616 1772 1665 cogitari

287 1689 427 1736 potest,
458 1687 667 1735 genuinam
691 1686 892 1725 Strabonis
914 1687 1147 1736 scripturam
1181 1687 1219 1724 in
1243 1685 1380 1724 codice
1401 1685 1621 1736 archetypo
1652 1684 1773 1723 fuisse

286 1759 509 1804 corruptam
552 1759 590 1793 et
628 1768 650 1793 a
682 1755 895 1793 lectoribus
927 1755 1082 1793 duobus
1123 1755 1281 1793 diversa
1321 1755 1475 1793 ratione
1516 1754 1556 1792 in
1594 1752 1773 1803 margine

286 1823 347 1861 vel
377 1823 479 1861 inter
511 1823 632 1861 lineas
664 1823 717 1860 ita
748 1834 834 1861 esse
865 1823 1097 1868 restitutam,
1130 1823 1365 1872 utquisque
1386 1822 1577 1872 reliquias
1600 1824 1639 1860 et
1658 1821 1774 1860 vesti-

285 1891 350 1940 gia
379 1891 599 1940 scripturae
630 1891 818 1940 antiquae
850 1890 1078 1940 perspicere
1110 1894 1148 1928 et
1179 1890 1429 1940 interpretari
1461 1901 1503 1928 se
1534 1901 1651 1939 posse
1682 1900 1773 1927 con—

287 1958 434 1997 fideret.
492 1959 634 2008 Neque
664 1959 778 1996 aliter
800 1959 977 2008 intellegi
999 1961 1138 2007 potest,
1170 1957 1275 2007 quod
1299 1958 1360 1995 his
1382 1957 1480 1996 locis
1507 1958 1546 1995 in
1569 1956 1716 1996 codicis
1738 1956 1774 1994 B

286 2026 519 2065 lectionibus
549 2027 746 2065 interdum
780 2028 937 2065 omnino
971 2027 1103 2064 nullus
1124 2026 1228 2064 inest
1249 2037 1400 2071 sensus,
1432 2026 1543 2064 velut
1573 2037 1610 2074 p.
1634 2027 1725 2071 100,
1748 2027 1772 2064 6

286 2089 529 2143 (κρισσαίου
559 2086 732 2131 κόλπου
765 2089 970 2143 διέχουσα
1002 2082 1090 2130 ἀπὸ
1121 2089 1204 2130 τοῦ
1227 2088 1391 2143 ἰσθμοῦ
1421 2088 1543 2143 μέχρι
1564 2089 1649 2129 τοῦ
1671 2082 1772 2143 ,ἀρά-

286 2161 367 2209 §ov
399 2158 603 2207 σταδίους
631 2154 882 2211 τριάκοντα.
927 2156 985 2207 ὠς
1005 2156 1083 2211 μὲν
1105 2152 1187 2198 οὖν
1209 2154 1336 2198 τύπω
1368 2172 1407 2199 κ.
1429 2172 1465 2199 τ.
1487 2159 1558 2206 λ.);
1592 2163 1684 2211 122,
1705 2162 1770 2210 21,

290 2229 355 2266 ubi
385 2229 547 2267 verbum
578 2222 837 2281 καθήκοντα
874 2242 960 2268 cum
993 2230 1318 2268 antecedentibus
1350 2242 1427 2267 non
1460 2232 1551 2278 apte
1582 2229 1774 2279 concinit3

292 2299 381 2342 133,
404 2300 445 2346 6,
475 2297 541 2335 ubi
572 2298 693 2336 verba
722 2294 795 2335 καὶ
826 2291 906 2344 τὰς
935 2290 1098 2348 μεταξύ
1129 2291 1274 2348 χώρας
1311 2309 1474 2347 prorsus
1504 2297 1640 2348 inepta
1671 2300 1774 2354 sunt.

291 2363 368 2403 Sed
399 2366 512 2404 etiam
545 2367 688 2404 ceteris
720 2367 828 2416 locis,
859 2367 927 2405 ubi
957 2378 1097 2405 sensus
1119 2367 1238 2416 plane
1259 2366 1510 2416 perspicitur,
1541 2364 1776 2404 detrimenta

289 2431 409 2470 fuisse
440 2434 476 2471 in
510 2434 727 2485 archetypo
760 2435 850 2473 inde
881 2438 1060 2485 apparet,
1092 2434 1199 2484 quod
1231 2435 1269 2472 in
1302 2434 1445 2472 ceteris
1477 2433 1680 2472 codicibus
1711 2433 1775 2471 de·

290 2501 452 2539 curtatis
484 2513 551 2539 eae
582 2506 713 2551 partes
745 2515 863 2552 saepe
895 2504 1013 2552 plane
1044 2503 1213 2541 omissae
1244 2504 1348 2552 sunt,
1379 2514 1480 2552 quae
1511 2502 1550 2540 in
1583 2500 1718 2540 codice
1739 2501 1776 2538 B

288 2566 325 2605 in
365 2568 478 2606 aliam
512 2568 674 2607 formam
712 2570 898 2609 redactae
929 2571 1133 2620 leguntur,
1174 2571 1285 2608 velut
1321 2570 1380 2608 his
1416 2569 1533 2608 locis:
1580 2572 1672 2617 217,
1701 2571 1774 2619 213

291 2637 383 2685 222,
406 2639 477 2685 173
511 2638 600 2682 223,
625 2639 674 2676 18
693 2636 743 2688 1);
777 2641 869 2686 224,
892 2642 937 2684 3;
971 2640 1063 2684 229,
1085 2640 1121 2677 4.
1134 2636 1166 2687 ²)
1227 2637 1433 2685 Quomodo
1455 2638 1557 2675 enim
1589 2637 1687 2675 haec
1717 2636 1773 2674 di-

405 2745 430 2783 ¹)
453 2742 493 2776 In
522 2744 648 2777 codice
671 2745 704 2778 B
728 2745 903 2787 leguntur
927 2745 1035 2781 haec:
1067 2744 1131 2780 καὶ
1159 2748 1317 2790 θησεῖον
1349 2743 1414 2780 καὶ
1439 2741 1483 2779 τὸ
1510 2741 1677 2779 λύκειον·
1709 2742 1775 2779 καὶ

295 2792 385 2831 αῧτὺ
412 2795 454 2831 τὸ
476 2793 677 2842 ὀλύμπιον·
710 2794 805 2846 ὅπερ
832 2814 865 2835 κ.
883 2814 914 2836 τ.
932 2805 962 2837 λ.

406 2856 434 2895 2)
459 2855 491 2888 B
516 2856 668 2899 praebet
694 2857 759 2890 hos
785 2863 859 2891 tres
885 2868 1015 2892 versus
1040 2858 1217 2902 integros.
