1893 3204
315 215 367 255 28

315 344 360 369 ex
393 328 586 368 communi
618 327 724 366 fonte
761 325 906 364 codicis
936 326 972 363 B
1009 328 1046 363 ct
1082 324 1258 363 codicum
1291 325 1323 363 C
1347 326 1362 364 l
1388 337 1409 362 s
1435 336 1466 375 v,
1505 323 1544 362 in
1577 336 1656 374 quo
1690 324 1800 364 locos

315 398 504 449 quosdam
534 398 635 434 inter
666 395 788 433 lineas
821 395 882 432 vel
905 395 941 432 in
967 393 1143 442 margine
1164 394 1359 443 ascriptos
1381 393 1502 432 fuisse
1523 405 1646 442 supra
1667 395 1797 433 osten·

314 467 461 515 dimus,
501 464 721 514 profectum
764 474 861 501 esse.
922 464 981 501 Ita
1022 461 1121 499 enim
1165 460 1278 499 facile
1317 462 1445 511 potuit
1482 460 1584 508 fieri,
1625 463 1669 500 ut
1711 460 1800 500 illae

315 535 514 581 lectiones,
545 544 648 581 quae
679 543 784 569 nunc
815 531 854 568 in
888 530 1052 568 diversis
1085 528 1262 567 codicum
1285 529 1498 579 generibus
1528 529 1730 579 leguntur,
1758 528 1799 568 in

315 615 400 642 eum
434 601 574 639 mixtae
618 599 902 648 reciperentur.
964 598 1141 637 Certiora
1173 597 1220 635 de
1251 596 1324 636 hac
1354 610 1398 636 re
1429 610 1478 636 ne
1509 599 1693 648 afferam,
1729 596 1801 635 im·-

314 669 423 719 pedit
454 671 492 707 et
520 667 698 717 paucitas
728 667 903 705 locorum
937 666 1013 703 huc
1043 665 1310 715 spectantium
1341 668 1380 703 et
1402 665 1644 704 condicionis
1675 665 1799 715 epito-

314 750 394 776 mes
426 737 541 774 huius
573 736 786 774 inscientia.

427 805 706 853 Fragmentum
746 802 865 848 illud,
907 801 1014 851 quod
1047 805 1107 839 est
1144 802 1182 839 in
1215 800 1350 840 codice
1374 801 1566 840 Vaticano
1601 799 1726 849 175¹)
1763 803 1803 840 et

312 872 417 923 quod
460 873 625 910 maxime
667 872 767 909 illam
811 873 958 919 partein
1003 870 1092 908 libri
1128 870 1165 908 11
1211 869 1390 920 exhibet,
1433 881 1535 920 quae
1573 869 1803 909 inscribitur

317 933 582 989 „Ez‘vowcg
611 937 705 977 τῶν
734 931 957 983 κόλπ(ου“,
994 939 1130 988 paucis
1168 938 1263 976 locis
1301 950 1387 976 cum
1426 937 1562 976 codice
1591 938 1640 987 Α,
1677 938 1802 976 multo

313 1009 489 1058 pluribus
528 1020 615 1046 cum
648 1007 849 1046 codicibus
880 1006 988 1045 decc.
1021 1006 1206 1044 concinit.
1265 1006 1341 1045 Sed
1380 1006 1538 1045 brevius
1570 1009 1647 1054 est,
1683 1018 1803 1055 quam

315 1080 357 1115 ut
387 1077 434 1114 de
466 1077 548 1115 eius
570 1076 720 1126 origine
752 1075 896 1113 certius
916 1074 1101 1113 iudicium
1130 1074 1262 1113 facere
1285 1074 1417 1112 liceat.
1477 1075 1620 1124 Neque
1642 1073 1802 1113 omnino

316 1145 474 1183 maioris
515 1145 696 1183 momenti
737 1143 893 1181 videtur
939 1143 988 1181 ad
1030 1145 1178 1181 textum
1222 1143 1425 1182 Strabonis
1472 1141 1802 1190 constituendum,

314 1225 401 1251 cum
439 1213 521 1251 fere
560 1224 769 1260 numquam
808 1223 829 1248 a
871 1211 1012 1249 nostris
1050 1210 1253 1249 codicibus
1291 1211 1410 1261 longe
1441 1210 1630 1249 discedat.
1689 1210 1804 1249 Unus

314 1280 582 1319 tantummodo
615 1279 814 1318 invenitur
845 1279 966 1327 locus,
999 1278 1105 1317 unde
1136 1279 1306 1317 fortasse
1336 1278 1528 1317 auxilium
1557 1277 1804 1328 speraveris:

314 1350 331 1387 1
362 1351 450 1395 195,
475 1352 508 1387 1.
567 1348 624 1386 Ibi
657 1348 758 1385 enim
791 1359 876 1385 cum
911 1347 1082 1396 legatur:
1119 1343 1249 1397 μέρος
1281 1336 1319 1384 δ’
1341 1342 1432 1385 ἐστι
1462 1342 1554 1397 καὶ,
1586 1347 1805 1385 Kramerus

315 1417 476 1456 adnotat
511 1416 639 1462 „unde
672 1416 842 1454 conicias
872 1411 1002 1465 μέρος
1035 1411 1143 1453 δέτι
1175 1412 1288 1453 καὶζί.
1348 1414 1424 1454 Sed
1456 1414 1550 1453 illud
1572 1426 1615 1452 τι
1645 1415 1804 1453 omnino

314 1498 392 1523 non
426 1484 693 1534 desideratur,
731 1485 847 1522 immo
887 1496 973 1522 cum
1012 1484 1132 1533 paulo
1169 1488 1262 1522 ante
1300 1484 1473 1533 legatur:
1516 1477 1728 1533 νέμονται
1758 1477 1806 1521 δὲ

313 1548 441 1603 μέρος
471 1550 563 1589 τῶν
593 1544 798 1602 Ἄλπεων,
830 1553 1021 1590 enuntiati
1055 1552 1302 1590 concinnitas
1334 1552 1465 1602 potius
1498 1551 1666 1590 suadere
1697 1550 1806 1589 vide-

317 1626 392 1668 tur,
423 1625 466 1658 ut
499 1622 560 1659 hic
591 1633 750 1671 quoquo
779 1616 912 1671 μέρος
943 1616 988 1658 ds
1018 1617 1091 1657 καὶ
1122 1633 1145 1658 3
1167 1619 1362 1659 Strabone
1393 1619 1581 1669 scriptum
1611 1630 1696 1657 esse
1727 1620 1806 1657 sta-

315 1693 481 1727 tuamus.
548 1691 758 1727 Praeterea
804 1690 935 1728 nescio
983 1691 1115 1737 311,111
1154 1689 1324 1739 Synopsi
1365 1688 1527 1727 verbnm
1569 1683 1804 1738 κατέχουσι

316 1758 498 1796 omissum
531 1758 592 1807 sit,
624 1757 730 1807 quod
763 1771 810 1796 ex
832 1758 1016 1796 Krameri
1040 1757 1293 1796 adnotatione
1325 1769 1403 1796 non
1433 1768 1597 1807 prorsus
1627 1758 1805 1806 apparet.

317 1827 402 1865 Hoc
433 1827 464 1863 si
496 1826 548 1864 ita
580 1838 622 1864 se
646 1826 771 1872 habet,
804 1827 1049 1864 enuntiatum
1073 1825 1169 1864 illud
1202 1827 1239 1863 in
1263 1825 1434 1874 Synopsi
1456 1826 1590 1874 inepte
1613 1826 1804 1862 mutatum

316 1905 402 1931 esse
419 1893 531 1931 facile
550 1895 764 1942 putaveris,
786 1894 895 1932 velut
912 1894 987 1932 alio
1005 1894 1089 1931 loco
1114 1895 1128 1931 1
1148 1895 1237 1942 184,
1257 1896 1280 1932 3
1303 1893 1479 1942 ineptum
1496 1892 1805 1930 additamentum

316 1961 363 1999 ab
400 1962 534 2000 eodem
559 1965 792 2011 excerptore
822 1962 967 2000 factum
1002 1974 1086 2000 esse
1118 1961 1311 1999 videmus.
1371 1959 1449 1999 Sed
1481 1961 1579 1998 haec
1601 1959 1806 1998 hactenus.

432 2031 511 2068 Iam
549 2030 897 2080 progredientibus
933 2030 1044 2069 nobis
1080 2030 1130 2067 ad
1163 2043 1225 2076 ea,
1266 2042 1366 2080 quae
1397 2026 1730 2075 Eustathius2)
1768 2028 1806 2067 in

320 2099 610 2137 commentariis
640 2098 689 2136 ad
713 2099 926 2137 Homerum
950 2101 988 2136 et
1010 2099 1245 2148 Dionysium
1269 2098 1511 2147 Periegetam
1545 2109 1592 2135 ex
1614 2096 1807 2136 Strabone

318 2166 443 2215 affert,
474 2167 639 2216 primum
672 2167 829 2216 quidem
863 2180 885 2205 a
917 2167 1058 2206 ceteris
1095 2166 1346 2217 segreganda
1377 2169 1470 2204 sunt
1499 2164 1584 2214 illa,
1624 2176 1726 2215 quae
1757 2177 1807 2203 ex

285 2235 286 2238 ’
321 2234 495 2272 Ethnicis
517 2234 716 2284 Stephani,
749 2247 863 2285 quem
897 2238 1051 2274 constat
1083 2248 1204 2285 opere
1226 2234 1428 2274 Strabonis
1459 2233 1498 2272 in
1519 2232 1656 2283 primis
1689 2245 1804 2271 usum

321 2299 452 2351 esse‚3)
486 2304 660 2351 sumpsit.
715 2304 831 2341 Velut
853 2316 898 2341 ea
926 2316 1026 2353 quae
1046 2304 1253 2353 leguntur:
1285 2302 1334 2341 ad
1362 2302 1478 2340 Dion.
1501 2303 1553 2341 95
1585 2295 1652 2351 (cf.
1674 2299 1809 2351 Steph.

320 2382 348 2407 s.
375 2382 409 2405 v.
442 2362 645 2419 Δάλμιον,
682 2371 809 2409 Strab.
840 2372 875 2409 ΙΙ
904 2376 969 2420 47,
999 2370 1084 2419 13);
1124 2371 1172 2409 ad
1205 2371 1322 2409 Dion.
1350 2373 1429 2409 511
1465 2369 1530 2416 (cf.
1556 2368 1690 2419 Steph.
1715 2380 1747 2407 s.
1771 2380 1808 2408 v.

319 2433 521 2487 Κυχρεία,
545 2437 672 2476 Sti-ab.
694 2440 730 2476 ΙΙ
753 2442 844 2485 218,
868 2442 904 2488 9,
928 2439 1013 2489 13);
1045 2439 1095 2478 ad
1119 2440 1162 2477 ΙΙ.
1183 2438 1223 2477 Β
1242 2441 1320 2478 521
1355 2437 1420 2485 (cf.
1442 2436 1574 2487 Steph.
1597 2449 1625 2476 s.
1646 2449 1682 2475 V.
1697 2426 1807 2475 ,Ἀνε-

318 2495 500 2555 μώρεια,
536 2506 661 2544 Strab.
690 2507 725 2544 11
755 2509 848 2556 281,
878 2511 897 2546 1
931 2504 1032 2558 sqq.)
1071 2520 1118 2545 ex
1157 2507 1358 2557 Stephano
1396 2507 1536 2544 hausta
1575 2517 1684 2554 esse,
1719 2504 1807 2543 luce

322 2571 465 2609 clarius
498 2575 565 2610 est.
625 2573 763 2623 Longe
785 2576 961 2624 plurimis
983 2588 1078 2614 vero
1101 2575 1196 2613 locis
1227 2573 1461 2613 Enstathius
1492 2574 1577 2623 ipso
1599 2585 1670 2612 suo
1702 2571 1808 2610 Stra-

321 2638 430 2677 bonis
462 2642 639 2690 exemplo
672 2654 766 2680 usus
798 2646 865 2681 est.
926 2644 1042 2681 Hunc
1071 2642 1246 2681 codicem
1279 2654 1326 2680 ex
1359 2641 1654 2680 decurtatorum
1686 2639 1808 2679 fuisse

438 2750 463 2788 ¹)
490 2747 544 2781 Cf.
571 2748 737 2783 Krameri
763 2750 878 2793 praef.
906 2761 988 2794 pag.
1007 2751 1055 2784 LI
1075 2760 1127 2794 sq.

433 2805 461 2844 2)
487 2803 541 2839 Cf.
567 2806 730 2840 Krameri
756 2807 868 2850 praef.
896 2818 978 2851 pag.
998 2806 1083 2842 LIX
1109 2812 1146 2841 et
1170 2806 1377 2841 LXXXIX.

436 2862 466 2902 3)
492 2859 545 2895 Cf.
565 2862 689 2905 Hiller,
713 2862 837 2898 Jahrb.
865 2862 1035 2899 f.Phi101.
1060 2867 1140 2898 1871
1169 2875 1204 2908 p.
1224 2866 1288 2898 528
1307 2874 1361 2907 sq.
1408 2863 1528 2907 Mese,
1557 2862 1602 2897 de
1628 2860 1806 2906 Stephani

323 2914 411 2959 Byz.
436 2922 571 2951 auctor.
597 2929 631 2962 p.
653 2920 693 2953 21
716 2929 769 2963 sq.
