1893 3204
340 213 388 254 18

338 329 560 367 describere
592 325 878 376 supersederet.
939 325 1069 374 Atque
1100 323 1175 361 hoc
1206 324 1387 374 alterum,
1417 323 1525 373 quod
1556 323 1672 362 etiam
1704 323 1814 362 initio

333 396 420 434 libri
444 396 533 433 VlH
566 394 602 431 in
635 392 769 430 codice
795 391 826 429 C
851 388 999 430 factum
1032 402 1117 429 esse
1148 402 1270 440 supra
1301 391 1483 440 vidimus,
1513 394 1557 429 ut
1586 393 1815 440 statuamus,

329 463 496 502 fortasse
534 462 646 499 etiam
686 473 732 498 ca
762 472 804 498 re
845 460 1093 507 adducimur,
1134 459 1240 508 quod
1276 459 1315 497 in
1352 458 1582 509 fragmentis
1619 459 1708 497 libri
1729 458 1814 509 VII,

330 543 429 580 quae
467 532 622 568 exstant
658 529 696 565 in
736 527 905 577 epitome
930 528 1118 564 Vaticana
1140 526 1178 562 E
1204 538 1293 576 pag.
1316 530 1379 573 74,
1405 530 1453 566 11
1487 526 1548 565 ed.
1569 527 1722 577 Kram.,
1758 527 1813 565 la·

330 612 430 637 cuna
470 598 605 636 relicta
641 599 715 641 est,
759 600 796 634 01
837 596 942 645 qnod
984 596 1019 632 in
1060 598 1257 644 postrema
1287 599 1399 644 parte
1440 607 1588 645 eorum,
1629 607 1732 645 quae
1772 595 1812 634 in

327 667 421 715 ipsis
453 664 652 703 codicibus
682 664 879 713 leguntur,
912 661 1090 700 nonnulli
1121 661 1195 699 loci
1227 660 1291 708 (cf.
1323 663 1387 712 69,
1408 665 1478 713 203
1511 666 1574 713 71,
1595 660 1637 709 4)
1670 662 1811 701 oratio-

328 746 412 771 nem
456 745 531 770 non
571 743 656 770 esse
694 732 885 780 integram
926 730 1141 768 declarant.
1201 728 1278 768 Sed
1318 729 1416 767 haec
1452 742 1532 768 non
1570 731 1666 769 satis
1703 733 1812 769 certo

328 802 402 839 dici
435 803 611 850 possunt.
673 800 813 848 Neque
846 797 1126 848 quaerentibus
1149 797 1273 847 nobis,
1305 809 1374 835 cur
1406 797 1446 835 in
1477 797 1536 836 his
1568 798 1811 848 potissimum

326 869 446 914 libris,
480 880 556 906 non
590 868 628 905 in
652 867 751 915 aliis,
784 866 1018 905 detrimenta
1049 868 1188 904 exorta
1219 867 1307 912 sint,
1339 865 1413 904 hoc
1445 865 1582 904 mirum
1605 866 1814 916 videbitur,

326 938 356 974 si
378 936 678 985 meminerimus,
709 948 807 984 opus
830 934 1032 972 Strabonis
1053 934 1363 984 geographicum
1395 933 1433 972 in
1467 933 1567 979 duos
1597 936 1724 973 tomos
1755 934 1808 972 di-

325 1005 449 1043 visum
480 1003 622 1052 fuisse,
663 1015 827 1052 quorum
861 1003 969 1051 prior
1006 1002 1127 1040 libros
1157 1003 1300 1041 I—IX
1331 1002 1546 1041 exhiberet.
1605 1002 1725 1041 Cuius
1756 1001 1812 1040 di-

325 1072 487 1109 visionis
519 1084 604 1109 cum
638 1072 806 1120 optimus
830 1070 956 1108 codex
978 1071 1182 1109 Parisinus
1199 1072 1230 1108 Α
1257 1070 1562 1108 11111811188111111111
1587 1070 1811 1120 exemplum

324 1140 528 1188 praebeat,
566 1143 644 1177 tum
678 1151 760 1176 eam
792 1139 829 1176 in
861 1147 995 1177 nostro
1027 1138 1245 1188 archetypo
1278 1138 1472 1177 exstitisse
1511 1137 1602 1176 inde
1633 1141 1812 1188 apparet,

324 1207 428 1256 quod
450 1207 486 1244 in
510 1207 709 1256 plerisque
731 1206 931 1244 codicibus
953 1205 1179 1256 decurtatis,
1200 1207 1315 1245 etiam
1338 1207 1377 1244 in
1400 1205 1579 1244 Mediceo
1597 1205 1643 1252 B,
1677 1217 1811 1255 quam-

326 1287 441 1323 quam
474 1275 536 1311 hic
568 1274 685 1312 libros
709 1274 817 1311 I-X
849 1274 1036 1323 continet,
1066 1276 1156 1323 post
1176 1274 1291 1312 finem
1323 1274 1408 1312 libri
1430 1274 1486 1313 IX
1516 1273 1712 1323 reliquum
1744 1285 1811 1322 pa-

324 1342 439 1390 ginae
475 1342 641 1391 spatium
674 1354 842 1379 vacuum
881 1341 1065 1379 relictum
1104 1345 1172 1380 est.
1234 1341 1366 1380 Facile
1398 1341 1519 1391 igitur
1556 1340 1638 1379 fieri
1672 1341 1811 1390 potuit,

326 1411 368 1446 ut
398 1409 512 1446 etiam
545 1409 786 1458 archetypus
818 1412 954 1446 noster
990 1409 1027 1446 in
1066 1410 1242 1447 extrema
1279 1410 1393 1458 parte
1433 1407 1596 1447 eandem
1631 1406 1715 1446 fere
1746 1407 1811 1446 vel

322 1475 485 1514 similem
516 1479 660 1515 sortem
692 1476 866 1526 haberet,
897 1488 1014 1525 quam
1047 1476 1224 1515 codicem
1246 1476 1278 1514 Α
1311 1476 1493 1515 habuisse
1524 1474 1719 1515 videmus.

435 1544 544 1582 Haec
573 1545 692 1594 igitur
729 1557 814 1582 cum
855 1544 1002 1583 codicis
1041 1544 1246 1594 archetypi
1285 1543 1465 1583 condicio
1498 1547 1619 1594 esset,
1657 1544 1692 1583 ei
1723 1543 1810 1590 loci,

323 1612 389 1661 qui
430 1613 468 1650 in
499 1613 609 1650 textu
648 1612 922 1650 detrimentum
956 1612 1119 1663 aliquod
1158 1615 1415 1663 acceperant,
1453 1612 1491 1650 in
1529 1612 1709 1662 margine
1745 1611 1810 1650 vel

321 1680 423 1718 inter
441 1680 564 1718 lineas
585 1681 638 1718 ita
659 1680 1015 1730 perscribebantur,
1038 1683 1082 1718 ut
1103 1680 1310 1729 sententia,
1332 1680 1460 1730 qualis
1481 1679 1686 1718 videretur
1707 1691 1808 1726 esse,

323 1748 618 1797 exprimeretur.
677 1748 765 1796 Qua
796 1749 948 1787 ratione
980 1748 1177 1787 interdum
1216 1748 1319 1787 duae
1355 1751 1517 1787 exortae
1549 1750 1643 1786 sunt
1679 1760 1808 1787 emen-

322 1815 511 1865 dationes,
543 1828 643 1865 quae
673 1816 712 1854 in
744 1816 911 1855 diversis
943 1816 1144 1855 codicibus
1175 1817 1400 1855 etiamnunc
1430 1819 1598 1855 exstant.

432 1883 574 1932 Neque
605 1886 733 1921 tamen
766 1883 1019 1922 statuendum
1042 1886 1111 1930 est,
1143 1896 1192 1922 ex
1213 1883 1289 1922 hoc
1311 1882 1446 1922 codice
1473 1885 1632 1922 nostros
1658 1882 1807 1922 directa

321 1950 382 1988 via
413 1962 499 1988 esse
529 1950 738 2000 profectos.
799 1952 851 1990 Ut
872 1952 973 1990 enim
996 1951 1070 1990 hoc
1091 1954 1353 2002 praeteream,
1373 1952 1512 1990 mirum
1534 1950 1671 1997 videri,
1701 1950 1808 2000 quod

320 2016 420 2055 Idem
460 2018 543 2067 ipse
583 2018 730 2069 codex,
770 2031 818 2057 ex
857 2032 936 2069 quo
969 2019 1152 2058 Eustathi
1192 2019 1414 2069 exemplum
1452 2018 1611 2069 prodiit,
1651 2018 1808 2058 duobus

321 2084 401 2123 fere
432 2086 598 2124 saeculis
629 2089 719 2137 post
749 2090 973 2126 nostrorum
996 2087 1177 2126 codicum
1209 2087 1297 2126 fons
1328 2087 1457 2126 factus
1488 2086 1550 2137 sit,
1578 2089 1684 2126 totus
1716 2099 1808 2126 0011·

322 2165 459 2192 80118118
480 2154 555 2204 ille,
588 2167 703 2204 quem
735 2156 858 2194 nostri
882 2155 1048 2202 codices,
1080 2156 1258 2205 quamvis
1279 2155 1628 2205 locis‘quibusdam
1649 2154 1816 2199 diversi:

321 2223 359 2259 01
388 2221 426 2259 111
456 2222 606 2261 lacunis
637 2226 675 2262 et
705 2223 742 2261 in
775 2224 1054 2274 supplementis
1086 2235 1221 2262 earum
1251 2235 1348 2273 prae
1380 2235 1421 2262 80
1452 2222 1599 2273 ferunt,
1629 2234 1806 2272 compro-

319 2288 413 2326 bare
444 2289 534 2327 mihi
566 2289 743 2340 videtur,
781 2291 948 2341 primum
982 2291 1140 2341 quidem
1179 2291 1298 2330 alium
1330 2291 1504 2330 codicem
1535 2290 1705 2330 fortasse
1735 2302 1808 2340 per

320 2355 534 2404 longiorem
566 2359 704 2396 seriem
745 2371 793 2397 ex
824 2359 1041 2409 archetypo
1078 2371 1165 2398 0880
1197 2358 1437 2410 profectum,
1475 2358 1543 2409 qui
1574 2354 1807 2410 plerumque

321 2424 482 2463 lacunas
511 2428 548 2464 et
569 2427 842 2477 supplementa
863 2440 998 2466 earum
1021 2428 1236 2467 constituta
1257 2430 1296 2466 01
1315 2427 1394 2466 fixa
1415 2428 1455 2466 in
1478 2430 1676 2478 posterum
1694 2438 1806 2477 prae-

319 2492 445 2539 beret,
487 2493 681 2532 interdum
714 2507 809 2534 vero
850 2497 965 2535 etiam
997 2496 1075 2535 duo
1113 2496 1317 2535 exhiberet
1352 2496 1529 2535 locorum
1561 2495 1805 2546 perditorum

320 2560 613 2610 supplementa;
646 2565 683 2601 et
715 2575 763 2601 ex
795 2564 869 2602 hoc
901 2563 1074 2614 denique
1106 2566 1262 2603 nostros
1289 2564 1446 2603 codices
1477 2575 1563 2603 0880
1593 2563 1806 2602 derivatos.

431 2628 511 2665 Iam
557 2641 816 2678 quaeramus,
868 2631 1066 2681 quomodo
1113 2631 1258 2682 singuli
1287 2632 1459 2671 -codices
1504 2630 1700 2671 decurtati
1741 2642 1806 2670 ex·-

320 2695 393 2732 orti
429 2695 517 2733 sint.

430 2763 488 2800 Ac
519 2764 685 2812 primum
718 2766 875 2815 quidem
907 2768 1159 2817 perspicuum
1191 2772 1259 2815 est,
1291 2769 1488 2818 epitomen
1512 2768 1739 2806 Vaticanam
1769 2766 1808 2804 E

324 2848 377 2852 —
408 2830 513 2878 quod
545 2832 617 2869 iam
650 2833 868 2873 Kramerus
906 2835 1184 2875 animadvertit
1214 2859 1267 2864 —
1299 2849 1349 2875 ex
1380 2836 1516 2875 codice
1547 2836 1682 2886 aliquo
1714 2847 1803 2874 0880

325 2895 550 2944 profectam,
593 2900 659 2947 qui
689 2900 774 2938 libri
799 2903 870 2939 VII
902 2905 1115 2941 extremam
1138 2906 1289 2953 partem
1323 2904 1536 2942 exhiberet.
1595 2904 1712 2942 Hunc
1730 2903 1800 2951 igi-
