1893 3204
1537 233 1585 272 13

98 352 191 397 21⁴,
214 351 239 390 δ
270 338 396 400 (ὅπερ
428 341 557 387 εἶπαι·
588 345 636 386 ἐι·
668 353 761 389 rut.-
790 341 1030 401 πρόσθυ·);
1069 351 1163 394 230.
1189 352 1237 388 12
1267 344 1368 399 περὶ
1398 345 1480 399 uit·
1510 346 1586 400 τῆς

90 408 283 470 Ἀττικῆς
313 413 490 466 ταῦτα),
523 420 615 465 237,
643 421 656 457 1
693 415 770 464 (ὡς
797 412 984 470 domem:
1017 420 1111 467 240,
1139 420 1186 456 18
1217 409 1514 468 (ἐμνήσθημεν
1542 408 1586 453 δ’

97 476 241 526 αὐτοῦ
271 482 344 525 καὶ
374 478 627 536 πρότερον).

209 557 248 596 4.
279 554 442 594 Praeter
475 555 545 592 hos
568 554 675 593 locos
709 554 823 593 etiam
846 553 911 593 alii
943 553 1101 603 desunt,
1131 555 1197 605 qui
1229 566 1468 605 quamquam
1501 554 1585 592 sinc

96 623 332 664 detrimento
353 623 540 662 orationis
561 623 685 662 deleri
709 625 932 673 potuerunt,
962 626 1090 660 tamen
1122 635 1193 661 cur
1215 622 1333 661 deleti
1355 623 1445 672 nint,
1475 623 1586 661 nulla

94 691 254 732 omnino
284 703 405 741 causa
438 692 606 742 proferri
640 696 781 742 potest.
841 691 1001 730 Minime
1033 691 1132 729 enim
1162 702 1462 740 supervacanea
1493 696 1586 729 sunt

95 771 197 812 quae
227 759 310 799 iilic
343 764 504 798 exstant
535 765 573 798 et
605 771 764 810 semper
793 757 941 810 aliquid
964 759 1054 798 novi
1087 758 1125 797 in
1158 759 1214 797 eis
1245 764 1587 798 commemoratur.

94 827 271 877 Quorum
303 839 539 878 quamquam
574 839 757 866 numerus
788 833 848 865 cst
879 827 1082 874 maximus,
1116 827 1210 865 haec
1244 839 1370 876 pauca
1401 828 1584 866 afferam:

95 898 413 944 213,13—15:
447 898 539 941 2⁶20,
567 899 635 942 103
667 897 761 944 237,
783 896 990 944 20—-223
1021 896 1116 945 287,
1136 896 1288 934 9-10
1319 901 1357 934 ct
1393 898 1585 945 10-11;

95 966 341 1015 302,8-9;
373 966 466 1011 320,
492 966 552 1003 12.
614 963 695 1001 llos
729 963 836 1002 locos
866 964 934 1013 qni
966 963 1113 1007 omisit,
1157 963 1471 1014 uniuscuiusque
1503 963 1586 1002 sere

38 1062 43 1067 .
93 1032 286 1070 enuntiati
328 1035 477 1081 partem
522 1030 582 1068 vel
627 1034 750 1069 totum
798 1031 1043 1070 enuntiatum
1089 1029 1226 1069 eodem
1275 1029 1359 1069 iure
1404 1032 1584 1070 omittere

94 1098 233 1149 potuit.

207 1168 244 1204 5.
282 1165 409 1217 Saepe
441 1165 504 1214 fit,
542 1171 584 1204 ut
614 1166 768 1204 omissis
800 1166 894 1204 iocis
925 1165 1160 1216 quibusdam
1200 1167 1326 1205 oratio
1358 1166 1486 1206 subito
1518 1167 1584 1206 ab·

93 1238 301 1284 rumpatur
341 1246 471 1284 neque
514 1234 711 1273 sententia
752 1235 900 1285 percipi
942 1236 1075 1285 possit.
1134 1234 1249 1283 Quod
1284 1240 1325 1274 ut
1355 1236 1585 1286 perspicias,

93 1301 278 1342 conferas
309 1302 444 1341 velim:
483 1304 546 1345 99,
573 1304 643 1345 193
681 1305 770 1350 112,
798 1306 866 1351 153
903 1305 992 1351 146,
1014 1306 1059 1346 2;
1096 1306 1186 1353 157,
1208 1306 1253 1348 6,
1288 1305 1377 1349 158,
1405 1308 1420 1342 1
1464 1308 1503 1342 ot
1534 1317 1582 1343 cx

93 1369 191 1409 libro
223 1370 275 1409 lx
306 1381 352 1408 ea
383 1382 485 1420 quac
516 1382 639 1420 supra
671 1382 706 1420 p.
728 1372 827 1420 Suq.
859 1371 1101 1409 enumeravi.

207 1440 245 1477 6.
287 1438 489 1476 Postremo
533 1438 685 1476 maximi
730 1439 913 1476 momenti
955 1437 1004 1476 ad
1047 1444 1167 1477 totam
1210 1451 1290 1478 rem
1332 1439 1580 1479 iudicandam

93 1505 185 1544 mihi
219 1504 376 1544 videtur
407 1505 517 1549 iilud,
550 1505 656 1556 quod
683 1505 829 1544 eisdem
853 1506 963 1556 locis,
994 1506 1057 1545 ubi
1090 1506 1286 1557 quaedam
1308 1508 1452 1547 omissa
1481 1512 1584 1558 sunt,

92 1572 288 1612 interdum
323 1575 510 1618 maiores,
552 1574 787 1624 plerumque
820 1586 966 1624 parvae
997 1575 1267 1615 tantummodo
1299 1576 1463 1615 lacunae
1495 1577 1581 1616 lati-

91 1641 228 1681 tudine
260 1642 411 1693 digitali
452 1642 513 1680 νεὶ
545 1641 797 1692 semidigitaii
838 1642 999 1682 relictae
1029 1648 1133 1682 sunt.
1196 1643 1277 1682 Has
1309 1644 1472 1684 lacunas
1503 1658 1580 1684 non

92 1709 219 1748 solum
254 1710 291 1748 in
315 1708 451 1749 codice
478 1710 511 1748 B
542 1710 722 1759 inveniri,
752 1710 820 1749 sed
844 1711 959 1749 etiam
993 1711 1030 1749 in
1051 1722 1081 1756 s,
1115 1711 1334 1751 Kramcrus
1356 1713 1440 1764 ipse
1464 1717 1580 1752 testa-

90 1781 154 1816 tur
191 1777 256 1822 (cf.
289 1777 410 1827 praef.
443 1776 569 1823 xvl);
610 1790 657 1816 ex
695 1779 836 1817 ceteris
876 1778 989 1817 codd.
1021 1779 1128 1818 decc.
1168 1779 1386 1819 Kramerus
1424 1779 1581 1820 duobus

90 1849 241 1883 tantum
286 1845 380 1883 iocis
422 1845 582 1883 lacunas
624 1844 771 1884 iudicat
813 1846 846 1884 11
880 1849 1043 1896 216,11
1078 1847 1134 1894 (E
1160 1847 1189 1894 Ι)
1228 1851 1267 1886 et
1297 1851 1390 1894 303,
1418 1852 1466 1889 14
1499 1847 1582 1900 (Ε),

89 1910 159 1951 sed
192 1912 229 1950 in
262 1912 319 1951 eis
348 1925 510 1963 quoque
542 1913 675 1962 piures
708 1914 836 1952 inesse
870 1914 1032 1953 lacunas
1063 1927 1111 1953 ex
1135 1915 1297 1965 ratione,
1328 1928 1430 1967 quae
1463 1918 1580 1957 inter·

89 1979 194 2019 cedit
223 1980 325 2020 inter
356 1980 469 2019 codd.
501 1982 516 2018 Ι
545 1993 564 2017 s
595 1992 634 2026 υ,
674 1994 871 2032 quamque
912 1982 1013 2021 infra
1053 1985 1277 2022 accuratius
1316 1985 1580 2036 tractabimus,

90 2060 283 2099 apparere
316 2049 407 2087 mihi
441 2049 608 2088 videtur.
669 2050 825 2089 Codicis
849 2051 879 2088 C
898 2050 1069 2102 denique
1094 2052 1294 2091 librarium
1327 2053 1364 2091 in
1388 2053 1453 2092 illo
1475 2054 1578 2093 unde

90 2115 333 2156 describeret
354 2117 536 2167 exemplo
561 2118 701 2156 nulitas
723 2119 921 2157 invenisse
945 2120 1117 2166 lacunas,
1147 2120 1238 2158 inde
1260 2120 1441 2171 efficitur,
1470 2121 1577 2173 quod

88 2185 198 2223 initio
228 2185 313 2224 libri
338 2185 427 2224 vlu
461 2198 549 2235 pag.
585 2189 674 2235 104,
695 2189 732 2236 4,
774 2186 877 2225 unde
920 2188 1082 2226 maxime
1124 2188 1421 2229 increbrescunt
1459 2189 1576 2230 detri-

91 2256 221 2292 menta
253 2254 290 2292 in
323 2253 487 2304 reliquis
517 2253 631 2293 codd.
653 2254 772 2302 decc„
804 2256 841 2293 in
875 2254 1010 2294 codice
1046 2256 1076 2293 C
1103 2258 1228 2296 oratio
1260 2257 1389 2297 subito
1420 2258 1577 2298 abrum-

91 2322 196 2371 pitur
226 2326 266 2360 et
297 2322 431 2361 mnitis
463 2321 565 2361 soliis
598 2323 732 2361 vacuis
764 2323 909 2362 relictis
941 2324 1050 2363 initio
1082 2324 1238 2364 demum
1262 2325 1350 2365 libri
1373 2326 1407 2365 X
1437 2339 1576 2367 rursus

88 2388 238 2439 incipit.
297 2389 372 2438 Qui
406 2390 477 2429 hoc
509 2390 590 2429 fieri
624 2392 773 2441 potuit,
815 2391 887 2430 nisi
920 2392 958 2430 in
991 2392 1057 2431 iilo
1088 2393 1266 2443 exemplo
1298 2394 1464 2434 iacunae
1496 2399 1574 2434 tam

89 2455 316 2495 manifestae
352 2461 392 2496 et
421 2462 498 2496 tam
531 2457 693 2496 crebrae
716 2462 838 2500 erant,
871 2463 913 2497 ut
946 2459 1130 2498 librarius
1163 2461 1259 2499 nihil
1290 2473 1333 2501 se
1364 2463 1438 2501 nisi
1463 2464 1575 2502 muti·

88 2523 207 2562 latum
239 2523 470 2563 Strabonem
503 2526 661 2564 efficere
694 2538 806 2575 posse
839 2531 948 2565 ratus
987 2527 1118 2577 potius
1152 2528 1246 2567 folia
1277 2541 1404 2569 vacua
1435 2530 1575 2570 relicta

88 2591 296 2641 posteriori
335 2594 500 2642 tempori
539 2593 735 2644 explenda
776 2594 1048 2644 relinqueret?
1077 2615 1133 2621 —
1165 2597 1216 2636 Ut
1255 2601 1385 2636 autem
1427 2599 1575 2638 certius

86 2657 136 2697 de
169 2658 244 2696 illis
275 2658 427 2698 lacunis
459 2659 646 2699 iudicium
680 2660 762 2700 fieri
797 2662 938 2711 possit,
975 2662 1249 2713 refugiendum
1281 2666 1357 2704 erit
1387 2665 1436 2704 ad
1469 2666 1573 2705 codi-

87 2737 170 2763 cem
198 2725 241 2775 B,
272 2737 387 2775 quem
422 2726 513 2765 mihi
545 2727 618 2777 ipsi
651 2733 837 2767 excutere
870 2729 990 2768 licuit.
1050 2730 1123 2769 Hic
1154 2732 1255 2771 enim
1290 2733 1327 2771 in
1360 2733 1460 2772 libro
1482 2734 1572 2773 vul

86 2811 141 2819 -
173 2792 236 2831 ubi
270 2793 343 2831 loci
375 2795 507 2833 omissi
539 2800 631 2834 sunt
669 2800 823 2835 centum
856 2797 995 2847 viginti
1027 2809 1096 2837 sex
1127 2819 1181 2825 —
1212 2799 1502 2850 duodeviginti,
1532 2801 1570 2841 in

87 2859 186 2899 libro
218 2860 271 2899 lx
305 2873 398 2899 vero
430 2884 480 2889 —-
516 2862 578 2900 ubi
619 2869 776 2901 centum
819 2877 887 2902 sex
931 2864 1002 2903 loci
1045 2864 1189 2905 desunt
1220 2887 1272 2892 —
1304 2868 1572 2919 quadraginta
