1893 3204
314 214 366 254 30

313 329 517 366 lectionem
547 315 797 375 Ἐπὶταυρος
831 324 947 363 etiam
977 311 1223 372 Ἑπίκαρος,
1264 323 1371 372 quod
1402 326 1462 362 est
1492 324 1530 361 in
1552 322 1592 360 E
1617 324 1657 361 et
1686 322 1793 373 apud

314 396 571 442 Eustathium,
603 393 765 443 legitur-3
798 404 912 441 quem
937 391 1064 429 locun]
1097 389 1320 429 Meinekius
1352 391 1449 430 benc
1471 390 1647 430 restituit
1676 390 1795 441 parti-

312 464 401 501 cula
423 458 468 500 ὁὲ
489 474 558 511 pro
581 453 662 511 γὰρ
685 458 850 509 posita);
884 461 974 503 184,
995 461 1044 496 16
1067 451 1378 508 (ἐπιφέροιεν);
1412 461 1502 509 189,
1521 461 1542 497 7
1567 452 1790 508 (Μαλέας).

311 531 553 579 Quamquam
584 540 680 567 vero
711 527 776 566 ille
808 528 931 566 codex
969 526 1133 577 propius
1169 526 1219 564 ad
1252 527 1513 578 archetypum
1544 539 1790 565 communem

310 599 533 647 accedebat,
563 609 679 647 quam
712 596 868 635 codices
892 597 927 633 B
953 596 1018 633 Cs
1038 596 1051 631 l
1074 606 1112 644 v,
1142 597 1270 632 tamen
1303 597 1508 645 permultis
1539 596 1639 634 locis
1671 595 1793 634 multo

311 667 543 706 deteriorem
576 678 691 715 quam
716 665 754 703 hi
775 664 908 714 prodit
940 663 1230 708 condicionem3
1263 664 1383 712 velut,
1414 667 1458 703 ut
1477 677 1606 715 pauca
1626 667 1795 703 tantum-

311 735 423 773 modo
447 733 637 783 exempla,
669 745 769 782 quae
803 733 893 770 mihi
926 732 1044 770 obvia
1066 735 1169 780 sunt,
1200 732 1382 769 afferam:
1415 733 1449 771 II
1480 736 1648 783 236,10
1678 731 1794 781 (στα-

311 799 455 850 δίων),
487 804 577 847 236,
601 803 654 840 20
686 793 933 850 (πετρώδης
962 792 1119 849 χώρα);
1159 802 1253 849 237,
1277 802 1326 839 18
1359 793 1494 851 (τὴν),
1530 804 1623 852 262,
1645 804 1668 841 6
1701 789 1794 850 (ὑφ’

309 864 496 920 {domm
529 872 666 918 265,1
700 868 848 915 (πατεῖ
875 861 984 918 γὰρ).
1044 869 1114 906 His
1147 869 1266 918 igitur
1297 869 1479 907 omnibus
1511 870 1620 920 locis,
1649 869 1794 920 quibus

309 937 616 977 innumerabiles
648 938 710 975 alii
743 936 835 974 addi
865 940 1044 986 possunt,
1076 936 1197 974 ceteri
1221 936 1377 975 codices
1399 937 1507 976 decc.
1537 950 1652 976 veras
1682 950 1795 988 prae-

310 1007 403 1044 bent
433 1005 631 1044 lectiones.
694 1004 806 1042 Adde
838 1003 944 1053 quod
978 1003 1080 1041 haud
1105 1015 1259 1053 paucae
1284 1005 1472 1043 lectiones
1504 1004 1713 1043 manifesto
1741 1017 1796 1043 ex

307 1085 414 1111 mera
434 1074 658 1111 coniectura
680 1072 880 1122 profectae
901 1074 1004 1121 sunt,
1035 1072 1145 1110 velut
1176 1072 1326 1121 II243,
1352 1075 1370 1110 1
1405 1062 1479 1119 (τὰ
1509 1068 1592 1120 δὲ);
1626 1075 1720 1123 276,
1740 1074 1793 1112 25

307 1120 556 1225 (γῗῖἑμῖευοι
550 1176 588 1224 );
606 1176 697 1221 289,
707 1177 732 1213 4
745 1172 969 1224 (ποταμοῦ
972 1169 1005 1225 );
1025 1178 1063 1212 et
1077 1175 1188 1212 facile
1201 1175 1457 1221 concesseris,
1470 1187 1516 1224 pr
1519 1175 1639 1213 etium
1653 1175 1793 1213 horum

307 1242 667 1292 supplementorum
691 1253 774 1279 esse
795 1241 1006 1287 minimum,
1029 1245 1068 1280 et
1088 1243 1166 1280 illis
1187 1242 1458 1280 tantummodo
1480 1243 1576 1280 locis
1599 1241 1654 1281 eis
1675 1242 1792 1281 fidem

310 1321 396 1348 esse
421 1309 652 1359 habendam,
675 1309 739 1347 ubi
762 1310 930 1358 epitome
947 1309 985 1347 E
1002 1310 1065 1347 vel
1088 1310 1320 1348 Eustathins
1343 1322 1428 1348 cum
1454 1310 1508 1348 eis
1531 1309 1793 1349 consentiant.

418 1378 477 1415 De
510 1379 565 1416 eis
587 1377 760 1427 denique
782 1378 1080 1427 supplementis,
1110 1390 1211 1426 quae
1244 1378 1389 1416 tertia
1421 1390 1558 1416 manu
1590 1378 1636 1416 in
1658 1379 1691 1415 Α
1720 1390 1794 1427 ap-

306 1445 463 1496 posita
495 1457 580 1484 esse
612 1445 827 1484 Kramerus
851 1444 1068 1492 affirmat,¹)
1101 1458 1188 1484 cum
1222 1445 1433 1484 admodum
1455 1459 1584 1497 pauca
1613 1447 1690 1486 sint
1720 1459 1796 1485 nec

306 1526 458 1563 semper
494 1517 677 1552 constare
715 1513 917 1562 videatur,
958 1527 1128 1564 quanam
1166 1527 1286 1552 manu
1323 1514 1400 1552 sint
1435 1515 1602 1565 scripta,
1643 1518 1794 1554 certum

305 1581 486 1619 iudicium
530 1581 662 1619 facere
699 1594 776 1620 non
809 1594 1029 1631 possumus.
1097 1583 1183 1621 Hoc
1223 1584 1354 1621 tamen
1395 1595 1590 1633 apparere
1626 1582 1794 1630 videtur,

307 1650 620 1700 supplementum
654 1650 752 1687 illud
783 1643 896 1686 κατὰ
915 1647 1072 1700 χρῖσαν
1093 1647 1148 1702 (ΙΙ
1172 1653 1265 1701 217,
1283 1645 1365 1702 21),
1396 1650 1444 1689 de
1466 1663 1546 1701 quo
1577 1650 1678 1689 infra
1708 1652 1794 1701 plu-

306 1717 412 1755 ribus
434 1717 633 1767 disseram,
661 1729 709 1755 ex
732 1718 867 1756 codice
889 1718 925 1755 B
946 1719 1008 1757 vel
1032 1720 1115 1757 eius
1137 1718 1380 1769 apographis
1408 1719 1599 1768 originem
1622 1717 1794 1758 duxisse.

417 1785 620 1823 Postremo
651 1797 777 1834 pauca
808 1785 976 1824 dicenda
1008 1791 1100 1825 sunt
1136 1786 1192 1825 de
1223 1787 1290 1825 eis
1321 1787 1546 1837 partibus
1578 1787 1793 1827 codicum

304 1863 331 1889 n
352 1851 477 1902 op,‘-')
514 1865 612 1902 quas
644 1853 852 1892 deficiente
884 1855 1019 1893 codice
1041 1859 1073 1892 A
1104 1867 1151 1892 ex
1182 1855 1256 1892 alio
1289 1855 1426 1893 codice
1458 1855 1677 1904 descriptas
1709 1868 1794 1895 esse

306 1932 466 1959 necesse
499 1924 567 1959 est.
626 1921 744 1959 Hunc
774 1921 896 1960 fuisse
929 1935 976 1960 ex
999 1922 1294 1961 decurtatorum
1316 1935 1491 1972 numero,
1523 1935 1608 1961 cum
1641 1935 1690 1962 ex
1712 1927 1794 1962 tota

307 1986 456 2025 illarum
500 1987 667 2037 partium
699 1988 848 2038 indole,
889 1993 969 2027 tum
1008 1989 1099 2027 inde
1136 1990 1226 2028 licet
1262 1990 1456 2040 intellegi,
1499 1990 1606 2040 quod
1643 1990 1793 2038 eadem,

307 2067 408 2104 quae
441 2056 478 2093 in
502 2056 589 2094 libri
612 2056 686 2094 VII
717 2056 796 2094 fine
828 2057 867 2095 in
891 2057 1094 2096 codicibus
1117 2058 1225 2097 decc.
1257 2058 1411 2105 desunt,
1442 2058 1505 2096 hic
1536 2071 1697 2109 quoque
1727 2059 1794 2098 de-

304 2122 542 2161 siderantur.
602 2123 885 2175 Quaecumque
916 2138 1011 2164 vero
1048 2139 1071 2164 a
1109 2126 1309 2165 codicibus
1340 2127 1448 2165 decc.
1480 2126 1637 2165 diversa
1666 2127 1706 2165 in
1738 2129 1793 2166 eis

308 2191 508 2238 leguntur,
551 2192 647 2230 haec
677 2193 773 2231 scito
812 2194 954 2243 partim
992 2207 1038 2232 ex
1072 2194 1302 2233 coniectura
1333 2207 1420 2233 esse
1452 2194 1631 2243 profecta
1668 2193 1795 2243 (velut

307 2258 322 2294 I
344 2259 436 2307 368,
458 2261 502 2308 3;
533 2262 626 2309 369,
649 2258 701 2308 5),
732 2262 871 2310 partim
895 2262 1077 2301 Plethoni
1107 2262 1243 2301 deberi
1274 2261 1401 2308 (velut
1421 2264 1438 2301 I
1461 2265 1555 2312 364,
1574 2266 1622 2302 17
1647 2266 1685 2302 et
1708 2259 1794 2315 20),

306 2337 354 2362 ex
377 2338 455 2374 quo
487 2328 598 2364 etiam
630 2328 667 2366 in
691 2329 746 2366 eis
768 2330 946 2378 partibus
968 2330 1107 2369 horum
1131 2330 1323 2377 codicum,
1355 2343 1457 2380 quae
1489 2344 1538 2369 ex
1559 2331 1740 2371 Parisino
1760 2331 1794 2370 Α

306 2391 507 2432 derivatae
538 2398 648 2444 sunt,
686 2397 895 2435 nonnullas
926 2398 1114 2436 lectiones
1157 2399 1231 2436 huc
1263 2399 1483 2448 nansiisse,
1519 2399 1619 2438 tales
1650 2399 1794 2439 docent

306 2459 390 2505 loci,
428 2462 564 2510 quales
595 2467 687 2501 sunt
718 2464 734 2501 Ι
761 2467 856 2514 458,
886 2469 906 2504 1
941 2456 1158 2517 ((Ξπαίδηυ)
1172 2462 1207 2517 3)
1246 2470 1285 2504 et
1314 2467 1351 2504 II
1378 2469 1550 2516 271,12
1583 2464 1684 2514 (νῦν
1710 2462 1795 2518 μὲν

307 2517 415 2576 οὖν).
474 2529 617 2578 Neque
653 2533 783 2569 tamen
823 2532 978 2571 codices
1006 2544 1032 2570 n
1060 2545 1081 2572 0
1104 2545 1136 2581 p
1175 2534 1214 2571 in
1251 2534 1331 2572 illis
1361 2534 1539 2584 partibus
1578 2546 1627 2572 ex
1657 2533 1792 2573 codice

307 2595 476 2643 quodam
500 2596 705 2637 decurtato
737 2599 924 2639 delivatis
954 2613 1118 2651 p1··01sns
1151 2602 1254 2640 inte1
1284 2614 1326 2641 se
1347 2602 1612 2641 consentiunt.
1669 2603 1792 2642 Immo

421 2682 445 2722 ¹)
472 2679 527 2716 Cf.
554 2682 720 2717 Krameri
745 2683 858 2728 praef.
885 2695 967 2728 pag.
994 2686 1079 2720 LIX
1097 2697 1150 2730 sq.

418 2738 448 2780 2)
472 2737 527 2772 De
553 2737 609 2773 his
635 2740 739 2775 codd.
766 2741 810 2775 cf.
836 2741 1002 2776 Krameri
1027 2743 1142 2787 praef.
1168 2754 1251 2788 pag.
1278 2743 1399 2778 LXVI
1416 2755 1497 2789 sqq.

419 2795 448 2833 3)
472 2792 549 2828 Hoc
567 2794 647 2829 loco
673 2796 790 2830 Cobet
815 2797 915 2831 Misc.
934 2798 1021 2832 Crit.
1043 2802 1126 2833 1876
1153 2810 1236 2843 pag.
1259 2803 1319 2834 135
1345 2804 1444 2835 recte
1461 2803 1600 2845 censet,
1625 2800 1790 2835 codicum

312 2848 526 2890 scripturam
547 2845 637 2894 ἄδην
662 2861 742 2885 esse
760 2853 1042 2898 restituendam3
1067 2855 1158 2889 illud
1175 2856 1268 2890 enim
1287 2856 1439 2890 verbum
1457 2857 1557 2900 apud
1573 2855 1790 2892 Strabonem

310 2903 417 2936 etiam
443 2903 478 2936 ΙΙ
498 2908 603 2949 577,4
631 2911 667 2940 et
691 2907 744 2941 III
766 2912 894 2951 184,10
921 2909 1066 2953 legitur.
