1893 3204
305 198 357 236 22

306 313 515 351 continent.
556 313 693 359 Itaque
713 311 878 360 primum
903 308 1059 359 quidem
1082 308 1335 347 statuendum
1358 309 1527 360 videtur,
1559 309 1736 350 codicem
1757 308 1788 347 G

306 380 462 419 diversa
492 380 553 417 via
585 391 632 416 ex
664 377 858 416 communi
888 377 995 416 fonte
1028 388 1112 414 8888
1143 376 1380 425 profectum.

420 449 560 496 Neque
599 458 693 484 vero
737 458 785 483 ex
823 445 896 484 hoc
934 446 1018 494 ipso
1059 446 1254 483 communi
1289 446 1397 486 fonte
1439 450 1592 486 ceteros
1630 445 1787 486 codices

304 519 319 555 l
349 528 369 554 S
399 527 419 554 v
450 515 622 564 singulos
654 525 741 552 esse
772 513 990 563 descriptos
1022 511 1104 550 veri
1126 515 1186 550 est
1206 512 1343 553 simile.
1405 515 1522 564 Quod
1554 514 1667 553 facile
1695 526 1786 553 con-

307 584 482 633 cesseris,
514 595 598 621 cum
631 581 727 620 illud
759 582 865 632 quod
897 582 1043 631 legitur
1074 581 1109 619 Π
1133 583 1271 630 99,19
1303 583 1341 620 in
1370 585 1597 622 memoriam
1627 594 1788 622 revoca-

307 653 422 692 veris.
481 652 536 690 Ibi
569 651 669 689 enim
703 663 792 688 cum
823 651 860 687 in
894 649 1028 688 codice
1055 649 1084 687 C
1110 649 1267 699 legatur
1298 645 1322 686 ὁ
1344 643 1443 702 κόρι
1474 650 1788 691 concludendum

307 722 478 770 videtur,
516 720 554 757 in
588 719 702 757 huius
732 718 900 756 familiae
938 718 1133 755 communi
1164 717 1273 756 fonte
1311 730 1356 755 ea
1393 732 1496 768 qnae
1525 722 1790 770 sequerentur

307 789 526 838 evanuisse,
558 787 734 843 codicum
757 788 771 823 ί
792 798 812 823 s
834 797 853 823 υ
884 785 1003 834 igitur
1034 785 1241 824 lectionem
1274 797 1297 824 o
1329 776 1546 837 κόρινθος
1574 787 1672 826 nihil
1702 798 1790 826 esse

308 858 377 897 nisi
409 868 572 907 pravum
605 840 941 905 supplementum,
977 853 1083 902 quod
1116 866 1138 891 a
1170 853 1339 893 diversis
1369 854 1539 894 librariis
1567 855 1790 906 profectum

307 938 392 965 esse
423 925 488 963 vix
519 925 609 962 licet
639 923 840 973 suspicari.
899 922 1020 960 Immo
1043 921 1293 960 statuendum
1316 922 1485 973 videtur,
1515 923 1788 974 apographum

307 993 505 1044 quoddam
523 993 626 1031 illius
642 991 847 1041 archetypi
866 990 1044 1029 codicum
1062 990 1115 1028 ΟΖ
1129 1002 1149 1028 s
1165 1002 1186 1029 υ
1207 990 1328 1030 fuisse
1342 991 1487 1031 fontem
1507 991 1684 1031 codicum
1700 993 1793 1030 lsv.

419 1061 494 1100 Sed
532 1061 571 1098 hi
607 1072 764 1110 quoque
797 1058 955 1097 codices
991 1059 1045 1097 ita
1081 1059 1184 1097 inter
1221 1071 1263 1097 se
1300 1058 1529 1111 discedunt,
1572 1063 1614 1099 ut
1643 1071 1664 1097 s
1701 1062 1741 1098 et
1771 1069 1792 1097 v

308 1131 539 1181 plerumque
577 1130 679 1167 inter
717 1141 757 1167 se
793 1128 1082 1167 consentientes
1121 1127 1319 1167 diversam
1357 1141 1380 1166 a
1411 1128 1547 1167 codice
1574 1129 1589 1166 l
1620 1127 1794 1179 prodant

309 1199 510 1248 originem.
569 1198 709 1247 Neque
732 1197 833 1235 enim
867 1195 1040 1235 codicem
1065 1197 1079 1234 l
1109 1209 1156 1235 ex
1185 1197 1311 1235 altero
1335 1199 1422 1235 utro
1445 1196 1685 1246 descriptum
1708 1207 1794 1234 esse

309 1270 491 1317 apparet,
529 1269 570 1304 ut
600 1278 729 1315 pauca
760 1265 950 1313 exempla.
973 1266 1153 1311 afferam,
1191 1277 1238 1303 ex
1270 1265 1331 1303 his
1360 1266 1475 1303 locis:
1515 1265 1552 1302 II
1575 1267 1641 1314 95,
1664 1266 1714 1303 16
1746 1261 1794 1311 (lt

310 1326 378 1372 ὅτι
403 1327 605 1384 Ἔφορος,
642 1345 662 1371 s
691 1345 728 1372 v:
761 1327 821 1371 ἔτι
847 1324 1070 1383 Ἔφορος-Μ
1109 1334 1144 1371 II
1167 1336 1259 1382 334,
1282 1337 1332 1373 16
1365 1335 1410 1379 (lz
1441 1332 1682 1380 κλειναῖον,
1711 1342 1730 1369 s
1755 1341 1794 1370 v:

309 1402 551 1453 κλιναῖον),
581 1404 617 1440 ΙΙ
641 1405 733 1451 267,
757 1405 806 1442 13
840 1401 893 1441 (in
916 1414 936 1439 S
968 1413 1014 1440 ea
1046 1401 1199 1447 desunt,
1231 1401 1394 1451 quaein
1418 1402 1433 1440 l
1462 1396 1680 1451 leguntur),
1709 1399 1795 1450 qui-

311 1473 382 1510 bus
414 1471 591 1510 omnibus
614 1471 707 1509 locis
739 1471 921 1509 codicisl
953 1470 1143 1509 lectiones
1174 1470 1339 1520 propius
1370 1469 1420 1508 ad
1453 1469 1626 1508 codicem
1659 1468 1794 1507 arche-

311 1546 446 1591 typum
479 1539 685 1579 accedunt.
743 1540 885 1589 Neque
917 1538 1076 1577 codices
1103 1550 1122 1576 S
1150 1550 1170 1576 v
1209 1551 1348 1577 rursus
1379 1550 1427 1577 ex
1459 1538 1542 1577 cod.
1571 1540 1585 1577 Z
1613 1548 1795 1576 manasse

310 1610 432 1659 liquet
462 1621 509 1647 ex
532 1608 596 1656 eis,
628 1620 727 1657 quae
749 1607 954 1657 leguntur:
985 1607 1022 1645 11
1046 1609 1109 1653 93,
1132 1610 1181 1646 21
1215 1602 1256 1658 (8
1279 1617 1317 1645 v:
1346 1602 1581 1657 μαλιαίων,
1611 1607 1647 1644 l:
1675 1603 1796 1656 μαλι-

313 1673 462 1725 λέωι·);
503 1677 645 1726 1202,
675 1679 726 1715 10
757 1680 812 1722 (υῑ
853 1674 933 1713 τοῦ
972 1671 1256 1726 ιὀτιωτέρου,
1299 1677 1328 1714 l:
1365 1668 1446 1713 τὸν
1483 1666 1797 1724 νοτιώτερον);

312 1747 347 1784 ΙΙ
370 1749 434 1794 95,
457 1749 479 1785 3
512 1742 564 1793 (υς
598 1741 823 1795 δωριαίον,
855 1746 883 1782 l:
916 1741 1175 1794 ὁ(ι)ριαίων);
1209 1745 1242 1783 ΙΙ
1269 1747 1348 1784 100
1376 1744 1423 1782 ad
1451 1746 1502 1783 10
1533 1743 1585 1791 (ει
1615 1738 1687 1780 καὶ
1718 1741 1797 1792 τῆς

312 1803 641 1863 ἁντιπόρθμου,
681 1814 711 1850 l:
743 1809 817 1849 καὶ
855 1802 1206 1863 ἀντιπόρθμου);
1247 1814 1282 1851 Π
1312 1815 1406 1862 326,
1436 1815 1485 1851 12
1525 1811 1580 1859 (sz
1619 1806 1798 1856 ι’πνοῦν,

312 1884 343 1919 l:
378 1873 578 1931 ὑπνῶν),
608 1881 672 1919 ubi
705 1893 861 1931 semper
894 1881 1006 1919 codd.
1027 1892 1047 1918 s
1069 1893 1089 1919 υ
1119 1881 1325 1931 archetypi
1347 1880 1538 1918 lectiones
1569 1877 1799 1928 diligentius

313 1954 585 2000 servaverunt,
616 1962 732 1999 quam
758 1951 784 1987 l.

425 2019 498 2058 Sed
531 2018 577 2056 ab
609 2019 791 2057 omnibus
822 2017 1022 2056 codicibus
1054 2017 1270 2055 decurtatis
1307 2015 1432 2055 codex
1459 2017 1474 2054 l
1510 2015 1619 2054 initio
1651 2015 1740 2054 libri
1761 2016 1799 2054 H

317 2087 476 2125 multum
510 2087 652 2137 differt,
683 2099 768 2125 cum
800 2086 897 2124 illud
920 2086 1107 2136 praebeat
1129 2088 1416 2135 argumentum,
1449 2083 1557 2134 quod
1587 2084 1626 2122 in
1659 2085 1800 2123 ceteris

318 2156 495 2194 omnibus
534 2156 642 2194 deest
679 2159 718 2194 et
752 2155 791 2193 in
830 2154 913 2193 solo
946 2154 1083 2193 codice
1107 2156 1137 2192 Α
1175 2154 1338 2203 eiusque
1370 2153 1611 2203 apographis
1643 2153 1800 2203 legitur.

318 2224 431 2271 Quod
473 2224 567 2273 quin
611 2224 718 2261 illinc
759 2224 798 2261 in
842 2223 1014 2261 codicem
1048 2223 1062 2260 l
1101 2222 1345 2272 pervenerit,
1391 2221 1550 2259 dubium
1591 2232 1676 2259 esse
1722 2233 1801 2260 non

319 2296 459 2340 potest.
519 2293 648 2340 Atque
680 2292 837 2330 omnino
871 2291 916 2340 ei,
948 2290 1016 2340 qui
1046 2291 1168 2328 libros
1192 2291 1209 2328 I
1231 2293 1268 2328 et
1290 2290 1326 2327 ΙΙ
1357 2288 1508 2339 legerit,
1539 2287 1801 2342 codicumque

318 2359 506 2397 lectiones
539 2372 560 2396 a
589 2360 784 2397 Kramero
817 2358 1026 2398 adnotatas
1056 2359 1158 2397 inter
1189 2370 1232 2396 se
1263 2357 1492 2405 contulerit,
1524 2356 1663 2394 mirum
1694 2354 1801 2394 vide-

317 2426 436 2476 bitur,
473 2427 577 2476 quod
608 2427 810 2476 permultis
840 2427 935 2465 locis
968 2427 1092 2465 codex
1118 2427 1132 2464 l
1164 2438 1251 2464 cum
1285 2425 1419 2464 codice
1452 2426 1485 2462 Α
1515 2435 1680 2475 prorsus
1711 2435 1802 2462 con-

319 2495 442 2544 spirat
480 2508 501 2533 a
533 2495 672 2534 ceteris
709 2495 909 2534 codicibus
941 2494 1050 2533 decc.
1080 2494 1195 2544 longe
1227 2493 1429 2532 recedens.
1489 2493 1598 2541 Quos
1631 2492 1740 2531 locos
1770 2491 1802 2530 si

319 2563 435 2612 paulo
467 2564 688 2601 accuratius
721 2563 974 2614 contemplati
1007 2564 1168 2609 erimus,
1206 2565 1343 2612 aperte
1375 2561 1560 2608 elucebit,
1591 2559 1802 2599 codiceml

320 2632 357 2668 in
390 2631 450 2668 his
471 2631 577 2668 libris
609 2643 657 2669 ex
688 2632 821 2670 codice
843 2634 874 2669 Α
907 2632 1097 2680 originem
1130 2631 1301 2669 duxisse.
1361 2630 1481 2669 Cuius
1509 2630 1566 2668 rei
1597 2641 1684 2668 cum
1715 2640 1803 2679 per-

322 2699 443 2737 multa
465 2699 686 2737 testimonia
716 2700 847 2738 afferri
869 2700 1033 2750 possint,
1064 2701 1140 2738 hoc
1169 2699 1255 2738 loco
1287 2700 1382 2737 satis
1413 2699 1538 2737 habeo
1569 2710 1616 2736 ea
1646 2708 1802 2736 enume-

321 2779 425 2816 rare,
468 2780 568 2817 quae
607 2768 825 2817 gravissimi
862 2769 1046 2807 momenti
1084 2768 1270 2806 videntur
1308 2776 1415 2806 esse:
1455 2767 1472 2804 1
1505 2769 1570 2817 12,
1602 2769 1623 2805 7
1656 2765 1695 2803 in
1727 2764 1804 2804 Al

323 2835 464 2874 omissa
494 2836 586 2874 sunt
618 2836 738 2874 verba
773 2832 845 2873 καὶ
875 2832 1039 2888 μεγέθη
1078 2833 1151 2874 καὶ
1191 2828 1500 2886 ἀποστήματα,
1537 2846 1640 2885 quae
1669 2834 1709 2872 in
1741 2844 1804 2872 co·

323 2902 470 2940 dicatus
492 2902 526 2938 lx
552 2902 580 2939 c
609 2904 815 2952 leguntur3
855 2907 919 2953 35,
941 2907 962 2943 7
996 2900 1046 2953 (Α
1073 2905 1087 2941 l
1119 2894 1189 2941 ὅτι
1221 2894 1274 2940 ἂν
1305 2896 1535 2954 κερήμαυ),
1567 2904 1676 2952 67,1
1709 2902 1748 2939 et
1779 2902 1803 2939 2
