1893 3204
404 349 533 397 Atque
564 344 757 389 subsidiis,
791 355 892 392 quae
923 342 971 380 ad
996 342 1095 379 hanc
1117 353 1197 378 rem
1220 339 1466 379 tractandam
1499 339 1591 377 mihi
1613 341 1774 388 praesto

291 417 459 463 fuerunt,
491 413 676 462 imprimis
700 423 794 449 usus
816 423 899 449 sum
924 412 989 458 eis,
1021 420 1121 458 quae
1145 409 1324 447 Krameri
1352 409 1470 446 editio
1494 407 1774 446 commentario

291 484 423 522 critico
454 483 643 520 instructa
673 478 962 528 suppeditavit,
1000 489 1085 514 curn
1119 488 1165 514 ex
1197 488 1242 515 eo
1275 480 1451 527 tempore
1482 479 1642 526 praeter
1673 475 1775 524 frag-

290 556 416 590 menta
463 547 836 588 Grottaferrateusia
871 566 925 570 —-
960 557 1061 594 quae
1109 556 1235 593 pauca
1282 548 1374 583 sunt
1403 565 1458 570 ——
1507 556 1634 594 neque
1673 544 1773 582 aliae

290 632 415 658 novae
457 617 632 655 codicum
676 628 792 653 manu
832 615 1064 663 scriptorum
1108 613 1296 651 lectiones
1337 613 1602 652 innotuissent
1644 623 1774 661 neque

292 688 460 725 editione
502 684 712 723 Didotiana
753 697 775 720 a.
813 682 1003 720 Muellero
1047 683 1086 719 et
1123 681 1336 719 Duebnero
1378 684 1515 719 curata
1556 681 1772 731 quidquam

290 755 391 803 novi,
424 753 527 802 quod
563 753 640 790 huc
672 751 897 800 pertineret7
937 748 1197 787 exhiberetur.
1259 748 1399 798 Neque
1431 761 1525 787 vero
1557 748 1772 787 editionum

288 823 473 872 priorum,
503 819 829 858 Tzschuckianae
861 822 898 855 et
928 817 1250 865 Falconerianae,
1282 816 1637 866 suppeditamentis
1667 816 1772 854 haud

289 890 424 939 paucis
456 889 550 927 locis
583 887 631 925 ad
663 887 905 935 singulorum
941 885 1119 923 codicum
1153 884 1343 923 lectiones
1373 884 1597 922 accuratius
1629 896 1774 933 cogno-

287 957 453 995 scendas
486 968 543 994 me
575 956 659 993 sine
683 955 916 992 detrimento
949 965 1112 1003 prorsus
1143 965 1277 991 carere
1306 964 1424 1002 posse
1456 952 1602 1001 putavi.
1654 951 1772 990 Deni-

288 1038 364 1075 que
400 1024 671 1074 apographum
714 1022 800 1059 libri
837 1021 890 1058 IX
935 1020 1083 1059 codicis
1120 1020 1288 1059 Parisini
1321 1022 1352 1058 Α
1391 1033 1413 1058 a
1445 1021 1507 1058 Du
1538 1019 1695 1058 Theilio
1733 1019 1772 1058 in

287 1096 390 1131 tomo
422 1093 477 1130 III
509 1091 698 1130 versionis
729 1086 1033 1138 francogallicae
1070 1089 1216 1138 publici
1254 1089 1352 1126 iuris
1391 1087 1555 1134 factum,
1595 1088 1774 1138 quamvis

288 1173 364 1198 non
397 1173 442 1198 ea
473 1172 551 1209 qua
584 1171 654 1208 par
686 1161 745 1196 est
776 1157 981 1206 diligentia
1003 1156 1164 1206 editum,
1195 1156 1287 1194 mihi
1322 1155 1425 1194 haud
1450 1157 1635 1205 exiguum
1660 1167 1772 1206 prae-

287 1228 371 1265 buit
402 1226 631 1274 subsidium,
663 1229 715 1274 ut,
747 1237 848 1274 quae
878 1225 1012 1274 optimi
1036 1224 1182 1262 codicis
1212 1225 1250 1262 in
1283 1225 1349 1263 illo
1373 1224 1469 1262 libro
1501 1226 1605 1262 esset
1630 1226 1774 1262 natura

289 1299 404 1345 atque
437 1294 626 1342 condicio,
656 1293 813 1343 planius
846 1293 1122 1342 perspicerem.

400 1362 550 1409 Quibus
572 1362 679 1399 libris
711 1373 948 1410 quamquam
978 1360 1131 1410 amplae
1153 1360 1289 1409 copiae
1321 1360 1463 1397 allatae
1486 1361 1610 1406 erant,
1643 1361 1771 1397 tamen

288 1429 336 1466 ad
369 1428 513 1467 certius
545 1427 730 1466 iudicium
763 1427 812 1465 de
843 1426 1046 1465 codicibus
1070 1426 1284 1465 decurtatis
1318 1426 1540 1465 faciendum
1573 1438 1650 1464 non
1678 1425 1774 1464 satis

286 1497 464 1535 idoneam
498 1508 629 1534 ansam
663 1496 943 1546 praebuerunt.
1005 1493 1172 1544 Optimis
1205 1495 1306 1533 enim
1340 1507 1388 1533 ex
1419 1494 1495 1533 hoc
1515 1506 1680 1533 numero
1712 1505 1774 1532 co-

287 1565 454 1613 dicibus,
491 1564 668 1602 Mediceo
697 1564 733 1600 B
761 1567 799 1602 et
830 1564 1007 1602 Parisino
1035 1562 1079 1611 (ἢ,
1118 1562 1291 1602 nondum
1333 1563 1427 1602 satis
1466 1562 1677 1612 diligen-ter
1709 1573 1774 1600 ex-

286 1633 409 1671 cussis
439 1632 589 1670 firmum
622 1631 933 1681 fundamentum,
966 1631 1071 1670 unde
1104 1630 1388 1669 exordiendum
1412 1633 1528 1679 esset,
1560 1630 1676 1679 plane
1708 1629 1771 1668 de-

286 1699 370 1737 fuit.
429 1699 543 1747 Quod
577 1703 619 1737 ut
649 1699 884 1745 invenirem,
924 1711 1011 1737 cum
1044 1700 1212 1737 alterum
1251 1701 1380 1737 utrum
1413 1697 1585 1737 codicem
1623 1709 1682 1735 me
1713 1697 1768 1735 in-

285 1767 439 1817 spicere
465 1768 726 1806 necessarium
751 1770 943 1816 putarem,
970 1766 1206 1805 deliberanti
1231 1766 1334 1815 mihi,
1363 1769 1450 1804 uter
1470 1766 1602 1816 potius
1624 1765 1771 1815 eligen-

286 1835 357 1873 dus
389 1838 507 1885 esset,
544 1834 737 1885 gravioris
770 1836 953 1873 momenti
992 1834 1040 1872 ad
1073 1835 1175 1872 hanc
1206 1846 1287 1872 rem
1327 1845 1412 1872 esse
1448 1833 1661 1872 videbatur
1691 1833 1772 1871 Me-

286 1902 419 1941 diceus
450 1903 496 1940 B.
555 1903 736 1951 Namque
775 1915 860 1940 cum
902 1903 1103 1940 Parisinus
1139 1902 1169 1940 C
1201 1914 1333 1951 neque
1372 1902 1493 1940 libros
1523 1901 1615 1940 VIII
1648 1904 1686 1939 et
1717 1900 1771 1939 lX

284 1990 337 1995 —
369 1974 526 2020 praeter
558 1971 684 2009 octavi
707 1971 858 2009 initium
889 1990 944 1995 -
976 1970 1179 2009 exhiberet
1210 1970 1336 2019 prima
1358 1982 1476 2007 manu
1509 1970 1691 2018 scriptos,
1721 1967 1772 2006 ad

285 2044 461 2076 naturam
494 2038 671 2076 codicum
705 2038 1001 2076 decurtatorum
1028 2037 1289 2076 definiendam
1320 2036 1558 2084 utilissimos,
1591 2039 1629 2075 et
1659 2048 1769 2087 prae-

285 2109 394 2144 terea
425 2108 498 2144 iam
530 2119 552 2144 a
581 2106 712 2144 multis
737 2107 829 2144 viris
861 2106 998 2156 doctis,
1030 2107 1211 2156 quamvis
1234 2126 1287 2130 —
1308 2105 1414 2155 quod
1446 2105 1530 2155 ipse
1553 2106 1771 2143 Kramerus

286 2173 493 2212 confitetur
521 2194 573 2199 —
602 2175 705 2212 iusto
738 2174 1025 2224 neglegentius,
1058 2175 1306 2213 examinatus
1339 2176 1452 2222 esset,
1484 2175 1622 2211 contra
1649 2171 1771 2211 Medi-

287 2252 378 2278 ceus
410 2241 444 2278 B
483 2244 521 2279 et
552 2242 727 2291 integros
759 2241 940 2291 praebuit
972 2243 1060 2281 illos
1091 2242 1212 2280 libros
1243 2244 1282 2279 et
1313 2244 1472 2291 praeter
1504 2242 1637 2291 partes
1670 2252 1766 2278 non-

286 2309 414 2347 nullas
445 2322 467 2346 a
494 2305 688 2348 Kramero
722 2310 883 2349 collatas
915 2323 937 2348 a
965 2311 1049 2349 solo
1072 2310 1264 2348 Bandinio
1297 2320 1487 2348 excussus
1519 2310 1616 2359 erat,
1647 2308 1768 2358 idque

285 2378 394 2414 tanta
425 2377 595 2426 incuria,
638 2382 680 2416 ut
710 2379 916 2428 scripturis
956 2378 1003 2417 ab
1036 2390 1081 2417 eo
1123 2377 1214 2416 inde
1247 2376 1416 2416 enotatis
1453 2376 1552 2415 fides
1589 2375 1770 2415 habenda

286 2448 386 2483 esset
417 2446 572 2484 omnino
594 2446 712 2484 nulla.
772 2447 889 2485 Hunc
921 2447 1039 2496 igitur
1067 2446 1208 2485 librum
1241 2450 1283 2484 ut
1313 2445 1353 2484 in
1385 2457 1497 2484 usum
1529 2457 1657 2483 meum
1689 2443 1768 2483 adi-

285 2513 478 2562 piscerer,
517 2514 589 2551 viri
625 2515 873 2553 illustrissimi
905 2514 1081 2553 Eduardi
1115 2514 1250 2553 Hilleri
1282 2526 1430 2564 opera,
1469 2525 1543 2552 nec
1579 2525 1658 2552 non
1696 2512 1768 2551 viri

286 2580 597 2619 excellentissimi
631 2583 679 2620 de
702 2582 875 2629 Gossler,
907 2583 973 2633 qui
1005 2583 1151 2621 scholis
1172 2582 1565 2632 institutionibusque
1587 2581 1768 2631 ingenuis

284 2645 599 2685 administrandis
630 2649 667 2686 in
699 2652 833 2687 nostra
865 2650 1023 2688 civitate
1055 2652 1226 2698 praeest,
1257 2649 1503 2699 benignitate
1535 2651 1574 2687 et
1604 2647 1768 2686 admini-

285 2716 494 2752 stratorum
525 2715 783 2755 bibliothecae
807 2717 1057 2756 Florentinae
1091 2718 1337 2755 humanitate
1368 2710 1515 2755 factum
1548 2727 1633 2754 esse
1655 2717 1766 2764 grato

285 2783 410 2820 animo
443 2782 641 2821 confiteor.
703 2784 828 2832 Quem
860 2786 914 2823 ita
945 2785 1118 2833 excussi,
1159 2788 1221 2835 ut,
1252 2797 1338 2823 eum
1370 2786 1532 2834 propter
1563 2783 1768 2833 angustias

287 2849 472 2898 temporis
509 2853 632 2887 totum
675 2851 854 2889 conferre
894 2864 971 2890 non
1012 2852 1164 2901 liceret,
1205 2854 1242 2889 et
1281 2855 1404 2891 totum
1442 2851 1581 2889 librum
1614 2850 1708 2888 VIII
1744 2862 1768 2888 a
