1893 3204
1550 200 1574 238 7

85 317 192 370 quod
229 318 362 369 priore
392 317 457 357 illo
489 320 666 368 tempore
705 317 832 357 exorti
861 316 955 363 sint,
997 317 1034 356 in
1069 316 1167 356 libro
1198 316 1214 356 I
1250 328 1349 357 sana
1384 315 1576 366 praebere

85 386 228 433 omnin,
260 387 299 427 in
331 385 442 426 libris
472 397 568 424 vero
592 386 681 425 Vlll
714 392 753 426 et
775 386 842 436 lx,
870 384 934 425 ubi
967 385 1040 424 iam
1064 390 1143 424 tum
1175 385 1214 424 in
1246 384 1384 424 codice
1406 387 1437 423 Α
1476 396 1574 422 mar-

86 454 190 505 ginis
219 465 315 506 pars
343 453 566 500 interiisset,
598 454 705 504 ipsos
736 466 894 506 quoque
916 452 1062 493 eisdem
1085 454 1181 492 locis
1214 452 1353 493 fecisse
1374 452 1575 492 iacturas?

89 522 201 563 Ilaec
230 520 354 573 igitur
374 521 508 572 opinio
540 523 707 561 maxime
739 535 786 561 eo
806 526 1040 573 agumento
1063 521 1273 561 sustentari
1296 522 1438 572 potest,
1467 518 1575 571 quod

84 590 124 630 iu
155 588 304 630 eisdem
342 589 452 629 libris
485 589 574 629 VIII
608 596 645 629 et
678 590 747 636 lx,
790 590 854 630 ubi
891 587 1017 629 codex
1048 593 1078 627 Α
1114 589 1302 639 graviora
1339 587 1577 628 detrimenta

83 656 296 708 acceperit,
325 658 363 696 in
395 657 598 697 codicibus
630 658 794 698 alterius
826 657 994 697 familiae
1027 656 1132 696 haud
1155 669 1284 708 pauca
1314 656 1456 705 desint,
1487 667 1575 695 cum

84 725 125 765 iu
154 725 298 765 ceteris
329 725 544 764 eorundem
575 726 753 765 codicum
776 726 882 765 libris
913 725 1054 765 similia
1084 724 1231 764 damna
1262 737 1338 764 uon
1371 722 1575 764 invenian-

83 796 160 834 tur.
219 793 299 833 Iam
332 793 536 833 videamus
567 793 662 845 quid
694 794 742 833 de
776 795 850 833 hoc
880 798 1115 844 argumento
1150 792 1409 844 cogitandum
1442 791 1506 833 sit.

199 873 259 912 Ac
290 874 458 924 primum
490 873 649 924 quidem
683 873 919 913 monendum
952 878 1023 924 est,
1052 872 1195 913 damna
1225 872 1404 912 codicum
1436 871 1576 912 decur-

82 943 253 981 tatorum
284 953 357 992 per
388 945 490 981 totos
523 942 645 981 libros
669 942 756 981 VIII
790 948 829 981 et
859 942 910 981 IX
942 941 1033 981 inde
1063 941 1113 981 ab
1147 942 1257 981 initio
1288 942 1417 980 octavi
1450 952 1577 991 usque

41 1058 46 1064 .
81 1008 132 1048 ad
168 1009 284 1048 finem
321 1010 412 1048 noni
452 1011 667 1059 pertinere,
709 1010 857 1049 codicis
885 1012 916 1048 A
954 1022 1050 1049 vero
1091 1009 1367 1049 detrimentum
1405 1008 1577 1048 corrosis

83 1076 324 1126 marginibus
354 1082 561 1128 acceptum
595 1091 671 1116 non
705 1077 795 1116 inde
827 1078 876 1116 ab
908 1078 1018 1117 initio
1051 1077 1137 1117 libri
1161 1077 1253 1116 VIII
1284 1076 1420 1127 ordiri,
1449 1076 1520 1116 sed
1552 1089 1576 1115 a

82 1145 229 1195 pagiua
263 1147 339 1185 137
372 1144 527 1184 demum
560 1145 742 1184 editionis
776 1147 1077 1195 Kramerianae,
1115 1152 1157 1185 ut
1188 1145 1278 1197 plus
1309 1146 1427 1185 tertia
1457 1148 1575 1196 parte

83 1212 172 1252 libri
213 1213 341 1252 octavi
385 1214 423 1252 iu
465 1213 537 1252 hoc
576 1213 712 1253 codiee
758 1215 840 1253 fere
881 1216 1078 1265 integrum
1116 1218 1255 1254 exstet.
1322 1214 1574 1264 Quamquam

83 1281 187 1320 enim
227 1281 267 1319 iu
306 1280 380 1320 hac
418 1293 578 1332 quoque
616 1288 728 1333 parte
767 1282 986 1332 marginum
1025 1281 1259 1321 detrimenta
1296 1281 1492 1321 interdum
1523 1280 1575 1320 ad

82 1350 207 1399 ipsam
237 1350 472 1400 scripturam
505 1349 746 1400 procedunt,
784 1358 913 1389 tamen
952 1355 991 1389 et
1023 1363 1112 1390 raro
1144 1351 1402 1390 inveniuntur
1439 1354 1478 1389 et
1508 1350 1576 1389 mi-

83 1418 192 1457 noris
222 1422 318 1457 suutv
352 1419 549 1458 momenti.
609 1420 651 1457 In
685 1419 819 1457 eadem
852 1431 948 1458 vero
980 1422 1092 1469 parte
1129 1420 1166 1458 in
1205 1418 1406 1458 codicibus
1437 1418 1576 1458 decur-

83 1485 173 1525 tatis
200 1485 275 1524 loci
303 1490 373 1525 aut
394 1486 525 1524 omissi
551 1490 620 1525 aut
641 1487 679 1525 in
703 1488 925 1526 breviorem
948 1486 1111 1526 formam
1134 1486 1284 1526 redacti
1306 1491 1400 1526 sunt
1420 1490 1575 1537 septua-

82 1553 193 1602 ginta
223 1557 322 1599 octo,
355 1554 428 1592 hoe
459 1559 517 1593 est
550 1554 685 1605 plures
715 1567 833 1605 quam
865 1554 904 1594 in
933 1555 1015 1594 ulla
1035 1555 1112 1593 alia
1133 1556 1219 1606 pari
1241 1559 1355 1606 parte
1387 1555 1575 1595 librorum

86 1621 176 1660 VIII
205 1625 245 1660 et
273 1621 326 1660 IX
358 1621 626 1661 inveniuntur.

199 1690 277 1728 Iam
313 1702 406 1729 vero
439 1690 654 1736 videamus,
686 1690 885 1741 quomodo
918 1691 1086 1740 singulis
1108 1690 1204 1730 locis
1235 1690 1414 1730 codicum
1437 1690 1576 1730 decur-

84 1761 256 1797 tatorum
278 1757 456 1796 iacturae
477 1770 564 1797 cum
587 1758 737 1797 lacunis
765 1758 913 1798 codicis
936 1761 966 1797 A
993 1759 1231 1798 conveniant
1252 1759 1314 1797 vel
1336 1758 1577 1809 discrepent.

200 1827 258 1864 Ac
291 1838 339 1865 ue
371 1825 472 1865 forte
503 1827 592 1876 quis
623 1827 826 1878 opinetur,
864 1827 956 1865 solis
987 1828 1044 1866 eis
1078 1828 1174 1866 locis
1205 1828 1242 1866 in
1276 1826 1414 1866 codice
1443 1831 1474 1866 A
1511 1826 1577 1867 de-

83 1894 269 1933 trimenta
304 1895 527 1945 marginum
565 1907 663 1945 esse,
696 1895 759 1934 ubi
796 1908 819 1934 a
854 1896 1045 1935 Kramero
1082 1895 1325 1945 indicentur,
1355 1897 1468 1947 prius
1500 1909 1577 1936 mo·

85 1960 258 2001 nendum
295 1966 372 2008 est,
414 1961 505 2000 inde
543 1975 565 2000 a
602 1962 688 2001 loco
721 1963 788 2002 illo
828 1964 957 2002 octavi
989 1963 1076 2002 libri
1114 1976 1238 2014 supra
1273 1967 1577 2004 commemorato

85 2026 192 2080 (pag.
222 2030 313 2079 137,
343 2028 402 2076 4),
434 2030 603 2069 omnium
637 2030 819 2069 foliorum
853 2032 1050 2081 margines
1082 2031 1259 2070 rodendo
1291 2031 1461 2083 turpiter
1491 2044 1578 2071 esse

83 2098 250 2137 affectos
280 2102 319 2136 et
340 2098 577 2137 Kramerum
614 2111 705 2145 „eos
727 2098 1000 2138 tantummodo
1022 2100 1130 2138 locos
1158 2100 1383 2139 accuratius
1403 2099 1577 2139 indican-

84 2165 156 2205 dos
186 2164 391 2216 iudicasse,
421 2167 489 2217 qui
517 2166 566 2205 ob
589 2167 759 2217 aliquam
783 2156 941 2206 causum
965 2167 1197 2206 viderentur
1220 2168 1529 2207 memorabiles.“
1544 2167 1573 2214 ¹)

86 2233 171 2273 Illis
207 2234 329 2285 igitur
360 2234 456 2274 locis
498 2234 580 2274 sere
610 2236 722 2285 solis,
763 2240 802 2274 et
840 2248 888 2274 ne
922 2236 980 2274 his
1010 2236 1167 2286 quidem
1199 2235 1393 2287 omuibus,
1427 2235 1576 2276 indicat

86 2302 248 2341 lacunas
283 2301 430 2341 codicis
458 2304 506 2347 A,
538 2303 605 2353 qui
638 2304 674 2342 in
707 2303 831 2342 altera
862 2303 1040 2342 codicum
1074 2304 1217 2343 familia
1247 2309 1316 2343 aut
1346 2305 1478 2343 omissi
1509 2309 1577 2344 aut

94 2371 132 2409 in
164 2369 324 2409 brevius
355 2372 549 2410 contracti
582 2376 687 2420 sunt,
718 2377 872 2410 ceteras
894 2384 990 2410 vero
1015 2373 1176 2411 lacunas
1205 2373 1385 2422 quamvis
1416 2386 1577 2424 magnas

86 2451 164 2478 non
198 2437 356 2477 indicat.
416 2438 547 2487 Quare
581 2440 695 2478 facile
727 2440 980 2490 perspicitur,
1011 2440 1192 2479 Krameri
1224 2440 1432 2481 editionem
1465 2442 1578 2482 nobis

86 2507 235 2547 codicis
267 2509 297 2545 A
328 2507 491 2547 lucunas
523 2521 609 2547 cum
643 2509 713 2558 cis,
742 2522 844 2559 qnae
886 2511 922 2548 in
956 2509 1172 2548 decurtatis
1201 2509 1403 2549 codicibus
1433 2511 1577 2550 omissa

87 2580 202 2625 sunt,
244 2575 539 2615 conserentibus
585 2589 661 2616 non
701 2578 795 2615 satis
837 2577 988 2615 firmum
1030 2577 1219 2628 praebere
1263 2577 1577 2617 fundamentum.

88 2644 227 2694 Itaque
257 2643 526 2683 adhibendum
561 2645 674 2683 nobis
704 2650 764 2683 est
796 2646 856 2683 Du
889 2645 1016 2684 Tlieili
1048 2645 1295 2696 exemplum,
1334 2646 1372 2685 in
1405 2659 1482 2696 quo
1515 2659 1576 2686 co·

89 2711 187 2751 dicis
208 2713 239 2750 A
279 2710 378 2750 liber
408 2724 537 2751 nonus
569 2713 675 2762 typis
704 2712 759 2751 ita
791 2711 1012 2763 descriptus
1033 2718 1106 2763 est,
1137 2718 1192 2763 ut,
1221 2713 1313 2763 quid
1347 2713 1385 2752 in
1417 2725 1576 2765 quaque

207 2844 236 2885 ¹)
260 2841 315 2878 Cf.
342 2842 507 2878 Krsmeri
532 2843 588 2879 ed.
608 2842 642 2878 11
673 2847 731 2878 1:⁸7
759 2843 804 2879 nd
830 2847 863 2879 ⁴⁸.
