<?xml version="1.0" encoding="UTF-8"?>
<!DOCTYPE html PUBLIC "-//W3C//DTD XHTML 1.0 Transitional//EN"
    "http://www.w3.org/TR/xhtml1/DTD/xhtml1-transitional.dtd">
<html xmlns="http://www.w3.org/1999/xhtml" xml:lang="en" lang="en">
 <head>
  <title>
</title>
<meta http-equiv="Content-Type" content="text/html;charset=utf-8" />
  <meta name='ocr-system' content='tesseract 3.04.00' />
  <meta name='ocr-capabilities' content='ocr_page ocr_carea ocr_par ocr_line ocrx_word'/>
</head>
<body>
  <div class='ocr_page' id='page_1' title='image "./decodicibusstrab00roeluoft_0023.png"; bbox 0 0 1893 3204; ppageno 0'>
   <div class='ocr_carea' id='block_1_1' title="bbox 1468 234 1518 276">
    <p class='ocr_par' dir='ltr' id='par_1_1' title="bbox 1468 234 1518 276">
     <span class='ocr_line' id='line_1_1' title="bbox 1468 234 1518 276; baseline 0 0"><span class='ocrx_word' id='word_1_1' title='bbox 1468 234 1518 276; x_wconf 83' lang='lat'><strong>19</strong></span> 
     </span>
    </p>
   </div>
   <div class='ocr_carea' id='block_1_2' title="bbox 28 350 1555 2977">
    <p class='ocr_par' dir='ltr' id='par_1_2' title="bbox 34 350 1524 471">
     <span class='ocr_line' id='line_1_2' title="bbox 34 350 1524 403; baseline -0.001 -11"><span class='ocrx_word' id='word_1_2' title='bbox 34 355 101 392; x_wconf 86' lang='lat' dir='ltr'><strong>tur</strong></span> <span class='ocrx_word' id='word_1_3' title='bbox 130 352 328 392; x_wconf 83' lang='lat' dir='ltr'><strong>diversum</strong></span> <span class='ocrx_word' id='word_1_4' title='bbox 349 350 399 391; x_wconf 77' lang='lat' dir='ltr'><strong>ab</strong></span> <span class='ocrx_word' id='word_1_5' title='bbox 427 364 474 390; x_wconf 88' lang='lat' dir='ltr'><strong>eo</strong></span> <span class='ocrx_word' id='word_1_6' title='bbox 497 351 616 390; x_wconf 79' lang='lat' dir='ltr'><strong>fuisse</strong></span> <span class='ocrx_word' id='word_1_7' title='bbox 647 364 806 392; x_wconf 83' lang='lat' dir='ltr'><strong>necesse</strong></span> <span class='ocrx_word' id='word_1_8' title='bbox 826 355 899 402; x_wconf 89' lang='lat' dir='ltr'><strong>est,</strong></span> <span class='ocrx_word' id='word_1_9' title='bbox 928 351 978 390; x_wconf 82' lang='lat' dir='ltr'><strong>ad</strong></span> <span class='ocrx_word' id='word_1_10' title='bbox 1001 365 1117 403; x_wconf 85' lang='lat' dir='ltr'><strong>quem</strong></span> <span class='ocrx_word' id='word_1_11' title='bbox 1139 352 1259 392; x_wconf 83' lang='lat' dir='ltr'><strong>ceteri</strong></span> <span class='ocrx_word' id='word_1_12' title='bbox 1281 350 1439 391; x_wconf 83' lang='lat' dir='ltr'><strong>codices</strong></span> <span class='ocrx_word' id='word_1_13' title='bbox 1460 350 1524 391; x_wconf 86' lang='lat' dir='ltr'><strong>de-</strong></span> 
     </span>
     <span class='ocr_line' id='line_1_3' title="bbox 35 419 642 471; baseline -0.007 -11"><span class='ocrx_word' id='word_1_14' title='bbox 35 421 180 460; x_wconf 80' lang='lat' dir='ltr'><strong>curtati</strong></span> <span class='ocrx_word' id='word_1_15' title='bbox 213 421 405 471; x_wconf 76' lang='lat' dir='ltr'><strong>originem</strong></span> <span class='ocrx_word' id='word_1_16' title='bbox 438 419 642 459; x_wconf 80' lang='lat' dir='ltr'><strong>reducunt.</strong></span> 
     </span>
    </p>

    <p class='ocr_par' dir='ltr' id='par_1_3' title="bbox 36 486 1525 605">
     <span class='ocr_line' id='line_1_4' title="bbox 151 486 1525 539; baseline -0.001 -10"><span class='ocrx_word' id='word_1_17' title='bbox 151 489 316 529; x_wconf 74' lang='lat' dir='ltr'><strong>Restant</strong></span> <span class='ocrx_word' id='word_1_18' title='bbox 350 488 469 536; x_wconf 82' lang='lat' dir='ltr'><strong>igitur</strong></span> <span class='ocrx_word' id='word_1_19' title='bbox 508 488 664 526; x_wconf 69' lang='lat' dir='ltr'><strong>codici-s</strong></span> <span class='ocrx_word' id='word_1_20' title='bbox 699 488 732 526; x_wconf 78' lang='lat' dir='ltr'><em>B</em></span> <span class='ocrx_word' id='word_1_21' title='bbox 767 489 796 524; x_wconf 77' lang='lat'><strong>(⁹</strong></span> <span class='ocrx_word' id='word_1_22' title='bbox 823 487 838 526; x_wconf 86' lang='lat'><em>1</em></span> <span class='ocrx_word' id='word_1_23' title='bbox 864 498 883 523; x_wconf 80' lang='lat' dir='ltr'><strong>s</strong></span> <span class='ocrx_word' id='word_1_24' title='bbox 914 499 944 526; x_wconf 86' lang='lat' dir='ltr'><strong>v.</strong></span> <span class='ocrx_word' id='word_1_25' title='bbox 1009 489 1063 527; x_wconf 73' lang='lat' dir='ltr'><strong>Ex</strong></span> <span class='ocrx_word' id='word_1_26' title='bbox 1103 488 1247 539; x_wconf 88' lang='lat' dir='ltr'><strong>quibus</strong></span> <span class='ocrx_word' id='word_1_27' title='bbox 1283 486 1456 527; x_wconf 81' lang='lat' dir='ltr'>codicem</span> <span class='ocrx_word' id='word_1_28' title='bbox 1491 487 1525 526; x_wconf 87' lang='lat' dir='ltr'><em>B</em></span> 
     </span>
     <span class='ocr_line' id='line_1_5' title="bbox 36 555 1378 605; baseline -0.001 -9"><span class='ocrx_word' id='word_1_29' title='bbox 36 568 60 595; x_wconf 79' lang='lat' dir='ltr'><strong>a</strong></span> <span class='ocrx_word' id='word_1_30' title='bbox 90 557 234 596; x_wconf 84' lang='lat' dir='ltr'><strong>ceteris</strong></span> <span class='ocrx_word' id='word_1_31' title='bbox 263 555 424 595; x_wconf 85' lang='lat' dir='ltr'><strong>multum</strong></span> <span class='ocrx_word' id='word_1_32' title='bbox 457 555 628 604; x_wconf 65' lang='lat' dir='ltr'><strong>differre,</strong></span> <span class='ocrx_word' id='word_1_33' title='bbox 660 557 902 605; x_wconf 77' lang='lat' dir='ltr'><strong>argumentis</strong></span> <span class='ocrx_word' id='word_1_34' title='bbox 932 555 1229 595; x_wconf 80' lang='lat' dir='ltr'><strong>demonstratur</strong></span> <span class='ocrx_word' id='word_1_35' title='bbox 1260 555 1378 595; x_wconf 87' lang='lat' dir='ltr'><strong>bisce.</strong></span> 
     </span>
    </p>

    <p class='ocr_par' dir='ltr' id='par_1_4' title="bbox 28 623 1555 2932">
     <span class='ocr_line' id='line_1_6' title="bbox 151 623 1526 675; baseline -0.001 -10"><span class='ocrx_word' id='word_1_36' title='bbox 151 623 307 665; x_wconf 83' lang='lat' dir='ltr'><strong>ludices</strong></span> <span class='ocrx_word' id='word_1_37' title='bbox 338 624 525 663; x_wconf 80' lang='lat' dir='ltr'><strong>libroruin</strong></span> <span class='ocrx_word' id='word_1_38' title='bbox 548 625 794 675; x_wconf 83' lang='lat' dir='ltr'><strong>singulorum</strong></span> <span class='ocrx_word' id='word_1_39' title='bbox 826 636 1062 675; x_wconf 86' lang='lat' dir='ltr'><strong>quamquam</strong></span> <span class='ocrx_word' id='word_1_40' title='bbox 1094 626 1129 664; x_wconf 88' lang='lat' dir='ltr'><strong>in</strong></span> <span class='ocrx_word' id='word_1_41' title='bbox 1160 624 1301 664; x_wconf 87' lang='lat' dir='ltr'><strong>ceteris</strong></span> <span class='ocrx_word' id='word_1_42' title='bbox 1322 624 1526 664; x_wconf 80' lang='lat' dir='ltr'><strong>codicibus</strong></span> 
     </span>
     <span class='ocr_line' id='line_1_7' title="bbox 37 692 1527 744; baseline -0.001 -11"><span class='ocrx_word' id='word_1_43' title='bbox 37 694 140 733; x_wconf 81' lang='lat' dir='ltr'><strong>inter</strong></span> <span class='ocrx_word' id='word_1_44' title='bbox 168 704 212 732; x_wconf 87' lang='lat' dir='ltr'><strong>se</strong></span> <span class='ocrx_word' id='word_1_45' title='bbox 243 694 513 735; x_wconf 85' lang='lat' dir='ltr'><strong>consentiunt.</strong></span> <span class='ocrx_word' id='word_1_46' title='bbox 551 698 680 732; x_wconf 74' lang='lat' dir='ltr'><strong>tanuen</strong></span> <span class='ocrx_word' id='word_1_47' title='bbox 713 694 750 731; x_wconf 93' lang='lat' dir='ltr'><strong>in</strong></span> <span class='ocrx_word' id='word_1_48' title='bbox 785 693 894 732; x_wconf 86' lang='lat' dir='ltr'><strong>libris</strong></span> <span class='ocrx_word' id='word_1_49' title='bbox 917 693 1006 732; x_wconf 88' lang='lat' dir='ltr'><strong>Vlll</strong></span> <span class='ocrx_word' id='word_1_50' title='bbox 1039 699 1076 731; x_wconf 86' lang='lat' dir='ltr'><strong>et</strong></span> <span class='ocrx_word' id='word_1_51' title='bbox 1110 693 1161 732; x_wconf 82' lang='lat' dir='ltr'><strong>IX</strong></span> <span class='ocrx_word' id='word_1_52' title='bbox 1202 692 1326 732; x_wconf 82' lang='lat' dir='ltr'><strong>codex</strong></span> <span class='ocrx_word' id='word_1_53' title='bbox 1352 693 1386 732; x_wconf 89' lang='lat' dir='ltr'><em>B</em></span> <span class='ocrx_word' id='word_1_54' title='bbox 1417 705 1527 744; x_wconf 78' lang='lat' dir='ltr'><strong>prae·</strong></span> 
     </span>
     <span class='ocr_line' id='line_1_8' title="bbox 38 753 1529 813; baseline -0.002 -12"><span class='ocrx_word' id='word_1_55' title='bbox 38 761 105 802; x_wconf 78' lang='lat' dir='ltr'><strong>bet</strong></span> <span class='ocrx_word' id='word_1_56' title='bbox 133 760 317 801; x_wconf 81' lang='lat' dir='ltr'><strong>usitatum</strong></span> <span class='ocrx_word' id='word_1_57' title='bbox 358 761 462 800; x_wconf 80' lang='lat' dir='ltr'><strong>illurn</strong></span> <span class='ocrx_word' id='word_1_58' title='bbox 497 762 663 800; x_wconf 83' lang='lat' dir='ltr'><strong>indicem</strong></span> <span class='ocrx_word' id='word_1_59' title='bbox 704 754 974 812; x_wconf 67' lang='grc' dir='ltr'><em>Στράβωνος</em></span> <span class='ocrx_word' id='word_1_60' title='bbox 1009 759 1333 812; x_wconf 37' lang='grc' dir='ltr'><strong>γεωγραᾳιικῶν</strong></span> <span class='ocrx_word' id='word_1_61' title='bbox 1364 753 1529 813; x_wconf 69' lang='grc' dir='ltr'><em>ὄγδοον</em></span> 
     </span>
     <span class='ocr_line' id='line_1_9' title="bbox 38 824 1528 881; baseline -0.001 -12"><span class='ocrx_word' id='word_1_62' title='bbox 38 835 79 870; x_wconf 79' lang='lat' dir='ltr'><strong>et</strong></span> <span class='ocrx_word' id='word_1_63' title='bbox 114 824 316 871; x_wconf 76' lang='grc' dir='ltr'><strong><em>ἔννατον.</em></strong></span> <span class='ocrx_word' id='word_1_64' title='bbox 356 843 441 868; x_wconf 82' lang='lat' dir='ltr'><strong>cum</strong></span> <span class='ocrx_word' id='word_1_65' title='bbox 481 831 517 868; x_wconf 88' lang='lat' dir='ltr'><strong>in</strong></span> <span class='ocrx_word' id='word_1_66' title='bbox 559 831 720 881; x_wconf 82' lang='lat' dir='ltr'><strong>reliquis</strong></span> <span class='ocrx_word' id='word_1_67' title='bbox 758 830 960 869; x_wconf 78' lang='lat' dir='ltr'><strong>codicibus</strong></span> <span class='ocrx_word' id='word_1_68' title='bbox 997 829 1103 869; x_wconf 89' lang='lat' dir='ltr'><strong>decc.</strong></span> <span class='ocrx_word' id='word_1_69' title='bbox 1137 830 1310 881; x_wconf 80' lang='lat' dir='ltr'><strong>legatur:</strong></span> <span class='ocrx_word' id='word_1_70' title='bbox 1357 825 1406 868; x_wconf 71' lang='grc' dir='ltr'><strong>ἐκ</strong></span> <span class='ocrx_word' id='word_1_71' title='bbox 1444 827 1528 868; x_wconf 85' lang='grc' dir='ltr'><strong>τοῦ</strong></span> 
     </span>
     <span class='ocr_line' id='line_1_10' title="bbox 37 886 1527 949; baseline 0.001 -14"><span class='ocrx_word' id='word_1_72' title='bbox 37 886 205 949; x_wconf 79' lang='grc' dir='ltr'><em>ὀγδόου</em></span> <span class='ocrx_word' id='word_1_73' title='bbox 224 918 274 923; x_wconf 83' lang='grc'>-</span> <span class='ocrx_word' id='word_1_74' title='bbox 296 904 334 935; x_wconf 86' lang='lat' dir='ltr'><strong>et</strong></span> <span class='ocrx_word' id='word_1_75' title='bbox 351 891 543 935; x_wconf 64' lang='grc' dir='ltr'><strong>ἑιϊάτοι»</strong></span> <span class='ocrx_word' id='word_1_76' title='bbox 608 919 613 921; x_wconf 88' lang='grc'>-</span> <span class='ocrx_word' id='word_1_77' title='bbox 639 897 731 935; x_wconf 79' lang='grc' dir='ltr'><strong>τῶν</strong></span> <span class='ocrx_word' id='word_1_78' title='bbox 750 891 1018 948; x_wconf 64' lang='grc' dir='ltr'><em>Στράβωνος</em></span> <span class='ocrx_word' id='word_1_79' title='bbox 1034 896 1367 949; x_wconf 59' lang='grc' dir='ltr'><strong>γεωγραφικιῦικ</strong></span> <span class='ocrx_word' id='word_1_80' title='bbox 1412 897 1527 947; x_wconf 85' lang='lat' dir='ltr'><strong>Quod</strong></span> 
     </span>
     <span class='ocr_line' id='line_1_11' title="bbox 37 965 1531 1016; baseline -0.001 -11"><span class='ocrx_word' id='word_1_81' title='bbox 37 971 312 1016; x_wconf 72' lang='lat' dir='ltr'><strong>argumentum</strong></span> <span class='ocrx_word' id='word_1_82' title='bbox 346 979 432 1004; x_wconf 86' lang='lat' dir='ltr'><strong>cum</strong></span> <span class='ocrx_word' id='word_1_83' title='bbox 467 979 543 1004; x_wconf 79' lang='lat' dir='ltr'><strong>uon</strong></span> <span class='ocrx_word' id='word_1_84' title='bbox 576 967 671 1005; x_wconf 83' lang='lat' dir='ltr'><strong>satis</strong></span> <span class='ocrx_word' id='word_1_85' title='bbox 702 967 852 1004; x_wconf 76' lang='lat' dir='ltr'><strong>lirinum</strong></span> <span class='ocrx_word' id='word_1_86' title='bbox 885 967 956 1014; x_wconf 88' lang='lat' dir='ltr'><strong>sit,</strong></span> <span class='ocrx_word' id='word_1_87' title='bbox 992 969 1122 1005; x_wconf 82' lang='lat' dir='ltr'><strong>tamen</strong></span> <span class='ocrx_word' id='word_1_88' title='bbox 1157 965 1251 1004; x_wconf 85' lang='lat' dir='ltr'><strong>illud</strong></span> <span class='ocrx_word' id='word_1_89' title='bbox 1284 967 1438 1004; x_wconf 83' lang='lat' dir='ltr'><strong>maximi</strong></span> <span class='ocrx_word' id='word_1_90' title='bbox 1471 969 1531 1005; x_wconf 87' lang='lat' dir='ltr'><strong>cst</strong></span> 
     </span>
     <span class='ocr_line' id='line_1_12' title="bbox 28 1033 1530 1088; baseline -0.001 -15"><span class='ocrx_word' id='word_1_91' title='bbox 28 1035 238 1088; x_wconf 76' lang='lat' dir='ltr'><strong>momenti,</strong></span> <span class='ocrx_word' id='word_1_92' title='bbox 268 1033 372 1084; x_wconf 87' lang='lat' dir='ltr'><strong>quod</strong></span> <span class='ocrx_word' id='word_1_93' title='bbox 406 1033 507 1072; x_wconf 80' lang='lat' dir='ltr'><strong>haud</strong></span> <span class='ocrx_word' id='word_1_94' title='bbox 542 1034 657 1083; x_wconf 77' lang='lat' dir='ltr'><strong>pauci</strong></span> <span class='ocrx_word' id='word_1_95' title='bbox 689 1047 734 1072; x_wconf 83' lang='lat' dir='ltr'><strong>ex</strong></span> <span class='ocrx_word' id='word_1_96' title='bbox 763 1035 817 1071; x_wconf 87' lang='lat' dir='ltr'><strong>eis</strong></span> <span class='ocrx_word' id='word_1_97' title='bbox 841 1034 949 1083; x_wconf 86' lang='lat' dir='ltr'><strong>locis,</strong></span> <span class='ocrx_word' id='word_1_98' title='bbox 979 1045 1080 1084; x_wconf 89' lang='lat' dir='ltr'><strong>qnos</strong></span> <span class='ocrx_word' id='word_1_99' title='bbox 1100 1033 1266 1073; x_wconf 84' lang='lat' dir='ltr'><strong>omissos</strong></span> <span class='ocrx_word' id='word_1_100' title='bbox 1295 1035 1422 1073; x_wconf 84' lang='lat' dir='ltr'><strong>autin</strong></span> <span class='ocrx_word' id='word_1_101' title='bbox 1445 1033 1530 1072; x_wconf 86' lang='lat' dir='ltr'><strong>brc-</strong></span> 
     </span>
     <span class='ocr_line' id='line_1_13' title="bbox 41 1101 1532 1151; baseline 0.001 -11"><span class='ocrx_word' id='word_1_102' title='bbox 41 1103 186 1142; x_wconf 82' lang='lat' dir='ltr'><strong>viorem</strong></span> <span class='ocrx_word' id='word_1_103' title='bbox 210 1102 373 1140; x_wconf 79' lang='lat' dir='ltr'><strong>formam</strong></span> <span class='ocrx_word' id='word_1_104' title='bbox 404 1101 585 1139; x_wconf 82' lang='lat' dir='ltr'><strong>redactos</strong></span> <span class='ocrx_word' id='word_1_105' title='bbox 607 1114 692 1140; x_wconf 84' lang='lat' dir='ltr'><strong>esse</strong></span> <span class='ocrx_word' id='word_1_106' title='bbox 724 1114 843 1151; x_wconf 80' lang='lat' dir='ltr'><strong>supra</strong></span> <span class='ocrx_word' id='word_1_107' title='bbox 866 1102 1045 1145; x_wconf 78' lang='lat' dir='ltr'><strong>vidimus,</strong></span> <span class='ocrx_word' id='word_1_108' title='bbox 1078 1103 1115 1140; x_wconf 92' lang='lat' dir='ltr'><strong>in</strong></span> <span class='ocrx_word' id='word_1_109' title='bbox 1149 1101 1352 1141; x_wconf 79' lang='lat' dir='ltr'><strong>codicibus</strong></span> <span class='ocrx_word' id='word_1_110' title='bbox 1385 1102 1532 1141; x_wconf 87' lang='lat' dir='ltr'><strong>nostris</strong></span> 
     </span>
     <span class='ocr_line' id='line_1_14' title="bbox 40 1169 1530 1220; baseline -0.001 -11"><span class='ocrx_word' id='word_1_111' title='bbox 40 1170 94 1209; x_wconf 78' lang='lat' dir='ltr'><strong>ita</strong></span> <span class='ocrx_word' id='word_1_112' title='bbox 125 1170 228 1209; x_wconf 87' lang='lat' dir='ltr'><strong>inter</strong></span> <span class='ocrx_word' id='word_1_113' title='bbox 248 1182 290 1208; x_wconf 89' lang='lat' dir='ltr'><strong>se</strong></span> <span class='ocrx_word' id='word_1_114' title='bbox 322 1169 566 1220; x_wconf 83' lang='lat' dir='ltr'><strong>discrepant.</strong></span> <span class='ocrx_word' id='word_1_115' title='bbox 600 1176 641 1207; x_wconf 89' lang='lat' dir='ltr'><strong>ut</strong></span> <span class='ocrx_word' id='word_1_116' title='bbox 671 1169 818 1207; x_wconf 86' lang='lat' dir='ltr'><strong>codicis</strong></span> <span class='ocrx_word' id='word_1_117' title='bbox 843 1169 876 1206; x_wconf 72' lang='lat' dir='ltr'><strong>lt</strong></span> <span class='ocrx_word' id='word_1_118' title='bbox 906 1169 1102 1208; x_wconf 79' lang='lat' dir='ltr'><strong>diversam</strong></span> <span class='ocrx_word' id='word_1_119' title='bbox 1135 1182 1158 1208; x_wconf 85' lang='lat' dir='ltr'><strong>a</strong></span> <span class='ocrx_word' id='word_1_120' title='bbox 1178 1170 1318 1209; x_wconf 86' lang='lat' dir='ltr'><strong>ceteris</strong></span> <span class='ocrx_word' id='word_1_121' title='bbox 1341 1170 1530 1219; x_wconf 85' lang='lat' dir='ltr'><strong>originem</strong></span> 
     </span>
     <span class='ocr_line' id='line_1_15' title="bbox 43 1226 1533 1289; baseline -0.001 -12"><span class='ocrx_word' id='word_1_122' title='bbox 43 1251 121 1277; x_wconf 89' lang='lat' dir='ltr'><strong>non</strong></span> <span class='ocrx_word' id='word_1_123' title='bbox 144 1249 362 1287; x_wconf 76' lang='lat' dir='ltr'><strong>agnoscere</strong></span> <span class='ocrx_word' id='word_1_124' title='bbox 387 1250 463 1275; x_wconf 90' lang='lat' dir='ltr'><strong>non</strong></span> <span class='ocrx_word' id='word_1_125' title='bbox 489 1237 694 1286; x_wconf 83' lang='lat' dir='ltr'><strong>possimus.</strong></span> <span class='ocrx_word' id='word_1_126' title='bbox 745 1238 860 1276; x_wconf 79' lang='lat' dir='ltr'><strong>Velut</strong></span> <span class='ocrx_word' id='word_1_127' title='bbox 884 1238 914 1275; x_wconf 94' lang='lat' dir='ltr'><strong>ll</strong></span> <span class='ocrx_word' id='word_1_128' title='bbox 938 1240 1002 1283; x_wconf 83' lang='lat'><strong>99,</strong></span> <span class='ocrx_word' id='word_1_129' title='bbox 1025 1240 1073 1276; x_wconf 89' lang='grc'><strong>19</strong></span> <span class='ocrx_word' id='word_1_130' title='bbox 1095 1242 1183 1288; x_wconf 86' lang='lat' dir='ltr'><strong>post</strong></span> <span class='ocrx_word' id='word_1_131' title='bbox 1203 1237 1325 1276; x_wconf 86' lang='lat' dir='ltr'><strong>verba</strong></span> <span class='ocrx_word' id='word_1_132' title='bbox 1348 1226 1533 1289; x_wconf 67' lang='grc' dir='ltr'><strong>ὀπώρη·-</strong></span> 
     </span>
     <span class='ocr_line' id='line_1_16' title="bbox 41 1298 1531 1356; baseline 0.001 -13"><span class='ocrx_word' id='word_1_133' title='bbox 41 1304 127 1350; x_wconf 71' lang='grc' dir='ltr'><strong>θος</strong></span> <span class='ocrx_word' id='word_1_134' title='bbox 163 1300 205 1352; x_wconf 87' lang='grc' dir='ltr'><strong>(ὁ</strong></span> <span class='ocrx_word' id='word_1_135' title='bbox 233 1298 331 1356; x_wconf 80' lang='grc' dir='ltr'><em>κόρι</em></span> <span class='ocrx_word' id='word_1_136' title='bbox 364 1306 408 1352; x_wconf 81' lang='lat' dir='ltr'><strong>C)</strong></span> <span class='ocrx_word' id='word_1_137' title='bbox 449 1306 484 1343; x_wconf 91' lang='lat' dir='ltr'><strong>in</strong></span> <span class='ocrx_word' id='word_1_138' title='bbox 525 1305 728 1343; x_wconf 82' lang='lat' dir='ltr'><strong>codicibus</strong></span> <span class='ocrx_word' id='word_1_139' title='bbox 763 1306 793 1340; x_wconf 68' lang='grc' dir='ltr'><strong>(ἶ</strong></span> <span class='ocrx_word' id='word_1_140' title='bbox 821 1306 835 1342; x_wconf 85' lang='lat' dir='ltr'><strong>l</strong></span> <span class='ocrx_word' id='word_1_141' title='bbox 864 1317 884 1342; x_wconf 81' lang='lat' dir='ltr'><strong>s</strong></span> <span class='ocrx_word' id='word_1_142' title='bbox 915 1317 934 1341; x_wconf 82' lang='lat' dir='ltr'><em>v</em></span> <span class='ocrx_word' id='word_1_143' title='bbox 973 1306 1103 1344; x_wconf 89' lang='lat' dir='ltr'><strong>omnia</strong></span> <span class='ocrx_word' id='word_1_144' title='bbox 1141 1305 1282 1344; x_wconf 88' lang='lat' dir='ltr'><strong>desunt</strong></span> <span class='ocrx_word' id='word_1_145' title='bbox 1321 1318 1445 1356; x_wconf 88' lang='lat' dir='ltr'><strong>usque</strong></span> <span class='ocrx_word' id='word_1_146' title='bbox 1482 1305 1531 1344; x_wconf 84' lang='lat' dir='ltr'><strong>ad</strong></span> 
     </span>
     <span class='ocr_line' id='line_1_17' title="bbox 43 1369 1538 1428; baseline 0.001 -16"><span class='ocrx_word' id='word_1_147' title='bbox 43 1373 205 1413; x_wconf 84' lang='lat' dir='ltr'><strong>verbum</strong></span> <span class='ocrx_word' id='word_1_148' title='bbox 237 1369 446 1418; x_wconf 70' lang='grc' dir='ltr'><strong>σταδίοις,</strong></span> <span class='ocrx_word' id='word_1_149' title='bbox 479 1374 514 1411; x_wconf 91' lang='lat' dir='ltr'><strong>in</strong></span> <span class='ocrx_word' id='word_1_150' title='bbox 549 1372 686 1411; x_wconf 86' lang='lat' dir='ltr'><strong>codice</strong></span> <span class='ocrx_word' id='word_1_151' title='bbox 714 1373 746 1410; x_wconf 70' lang='lat' dir='ltr'><strong>lt</strong></span> <span class='ocrx_word' id='word_1_152' title='bbox 778 1385 889 1418; x_wconf 84' lang='lat' dir='ltr'><strong>vero,</strong></span> <span class='ocrx_word' id='word_1_153' title='bbox 922 1373 1104 1422; x_wconf 79' lang='lat' dir='ltr'><strong>quamvis</strong></span> <span class='ocrx_word' id='word_1_154' title='bbox 1136 1377 1301 1417; x_wconf 77' lang='lat' dir='ltr'><strong>mutata,</strong></span> <span class='ocrx_word' id='word_1_155' title='bbox 1334 1373 1538 1428; x_wconf 78' lang='lat' dir='ltr'><strong>leguntur3</strong></span> 
     </span>
     <span class='ocr_line' id='line_1_18' title="bbox 44 1440 1538 1493; baseline 0 -11"><span class='ocrx_word' id='word_1_156' title='bbox 44 1442 181 1482; x_wconf 87' lang='lat' dir='ltr'><strong>eodem</strong></span> <span class='ocrx_word' id='word_1_157' title='bbox 215 1441 330 1480; x_wconf 87' lang='lat' dir='ltr'><strong>modo</strong></span> <span class='ocrx_word' id='word_1_158' title='bbox 362 1441 519 1480; x_wconf 86' lang='lat' dir='ltr'><strong>codices</strong></span> <span class='ocrx_word' id='word_1_159' title='bbox 551 1442 616 1489; x_wconf 67' lang='lat' dir='ltr'><strong>‘&#39;‚l</strong></span> <span class='ocrx_word' id='word_1_160' title='bbox 636 1453 657 1478; x_wconf 79' lang='lat' dir='ltr'><em>s</em></span> <span class='ocrx_word' id='word_1_161' title='bbox 683 1453 704 1479; x_wconf 85' lang='lat' dir='ltr'><em>v</em></span> <span class='ocrx_word' id='word_1_162' title='bbox 735 1453 820 1480; x_wconf 86' lang='lat' dir='ltr'><strong>cum</strong></span> <span class='ocrx_word' id='word_1_163' title='bbox 854 1440 940 1479; x_wconf 85' lang='lat' dir='ltr'><strong>cod.</strong></span> <span class='ocrx_word' id='word_1_164' title='bbox 965 1440 998 1478; x_wconf 90' lang='lat' dir='ltr'><em>B</em></span> <span class='ocrx_word' id='word_1_165' title='bbox 1028 1440 1259 1492; x_wconf 83' lang='lat' dir='ltr'><strong>discrepant</strong></span> <span class='ocrx_word' id='word_1_166' title='bbox 1295 1444 1385 1491; x_wconf 91' lang='lat'>100,</span> <span class='ocrx_word' id='word_1_167' title='bbox 1407 1444 1430 1482; x_wconf 84' lang='lat'><strong>6</strong></span> <span class='ocrx_word' id='word_1_168' title='bbox 1453 1454 1538 1493; x_wconf 90' lang='lat' dir='ltr'><strong>sqq.</strong></span> 
     </span>
     <span class='ocr_line' id='line_1_19' title="bbox 48 1508 1540 1560; baseline 0 -11"><span class='ocrx_word' id='word_1_169' title='bbox 48 1510 119 1549; x_wconf 84' lang='lat' dir='ltr'><strong>Vel</strong></span> <span class='ocrx_word' id='word_1_170' title='bbox 160 1522 210 1549; x_wconf 83' lang='lat' dir='ltr'><strong>ex</strong></span> <span class='ocrx_word' id='word_1_171' title='bbox 252 1510 312 1548; x_wconf 87' lang='lat' dir='ltr'><strong>his</strong></span> <span class='ocrx_word' id='word_1_172' title='bbox 356 1510 452 1548; x_wconf 88' lang='lat' dir='ltr'><strong>locis</strong></span> <span class='ocrx_word' id='word_1_173' title='bbox 494 1513 677 1560; x_wconf 85' lang='lat' dir='ltr'><strong>apparet,</strong></span> <span class='ocrx_word' id='word_1_174' title='bbox 720 1508 894 1547; x_wconf 83' lang='lat' dir='ltr'><strong>codicem</strong></span> <span class='ocrx_word' id='word_1_175' title='bbox 931 1510 975 1557; x_wconf 78' lang='lat' dir='ltr'><strong>C,</strong></span> <span class='ocrx_word' id='word_1_176' title='bbox 1018 1509 1056 1547; x_wconf 91' lang='lat' dir='ltr'><strong>in</strong></span> <span class='ocrx_word' id='word_1_177' title='bbox 1096 1521 1176 1559; x_wconf 89' lang='lat' dir='ltr'><strong>quo</strong></span> <span class='ocrx_word' id='word_1_178' title='bbox 1219 1521 1357 1549; x_wconf 83' lang='lat' dir='ltr'><strong>manns</strong></span> <span class='ocrx_word' id='word_1_179' title='bbox 1397 1509 1540 1560; x_wconf 85' lang='lat' dir='ltr'><strong>prioris</strong></span> 
     </span>
     <span class='ocr_line' id='line_1_20' title="bbox 44 1576 1538 1629; baseline 0 -12"><span class='ocrx_word' id='word_1_180' title='bbox 44 1579 244 1629; x_wconf 77' lang='lat' dir='ltr'><strong>scriptura</strong></span> <span class='ocrx_word' id='word_1_181' title='bbox 266 1597 318 1603; x_wconf 94' lang='lat'><strong>—</strong></span> <span class='ocrx_word' id='word_1_182' title='bbox 341 1577 390 1616; x_wconf 90' lang='lat' dir='ltr'><strong>de</strong></span> <span class='ocrx_word' id='word_1_183' title='bbox 422 1590 501 1627; x_wconf 75' lang='lat' dir='ltr'><strong>qua</strong></span> <span class='ocrx_word' id='word_1_184' title='bbox 530 1577 616 1616; x_wconf 86' lang='lat' dir='ltr'><strong>sola</strong></span> <span class='ocrx_word' id='word_1_185' title='bbox 648 1577 709 1615; x_wconf 79' lang='lat' dir='ltr'><strong>hic</strong></span> <span class='ocrx_word' id='word_1_186' title='bbox 740 1576 872 1626; x_wconf 78' lang='lat' dir='ltr'><strong>agitur</strong></span> <span class='ocrx_word' id='word_1_187' title='bbox 899 1597 952 1602; x_wconf 89' lang='lat'>—</span> <span class='ocrx_word' id='word_1_188' title='bbox 983 1589 1072 1627; x_wconf 88' lang='lat' dir='ltr'><strong>pag.</strong></span> <span class='ocrx_word' id='word_1_189' title='bbox 1097 1579 1185 1618; x_wconf 80' lang='lat'>104,</span> <span class='ocrx_word' id='word_1_190' title='bbox 1207 1580 1233 1617; x_wconf 89' lang='grc'>4</span> <span class='ocrx_word' id='word_1_191' title='bbox 1265 1577 1423 1628; x_wconf 88' lang='lat' dir='ltr'><strong>desinit,</strong></span> <span class='ocrx_word' id='word_1_192' title='bbox 1454 1582 1538 1617; x_wconf 76' lang='lat' dir='ltr'><strong>arte</strong></span> 
     </span>
     <span class='ocr_line' id='line_1_21' title="bbox 47 1644 1540 1695; baseline -0.001 -9"><span class='ocrx_word' id='word_1_193' title='bbox 47 1648 262 1686; x_wconf 83' lang='lat' dir='ltr'><strong>cohaerere</strong></span> <span class='ocrx_word' id='word_1_194' title='bbox 294 1658 380 1684; x_wconf 87' lang='lat' dir='ltr'><strong>cum</strong></span> <span class='ocrx_word' id='word_1_195' title='bbox 414 1645 616 1683; x_wconf 81' lang='lat' dir='ltr'><strong>codicibus</strong></span> <span class='ocrx_word' id='word_1_196' title='bbox 647 1646 661 1682; x_wconf 89' lang='grc' dir='ltr'><em>Ι</em></span> <span class='ocrx_word' id='word_1_197' title='bbox 691 1656 711 1682; x_wconf 83' lang='lat' dir='ltr'><strong>s</strong></span> <span class='ocrx_word' id='word_1_198' title='bbox 742 1656 778 1689; x_wconf 86' lang='grc' dir='ltr'><strong>υ,</strong></span> <span class='ocrx_word' id='word_1_199' title='bbox 818 1650 857 1683; x_wconf 88' lang='lat' dir='ltr'><strong>et</strong></span> <span class='ocrx_word' id='word_1_200' title='bbox 887 1645 1110 1695; x_wconf 85' lang='lat' dir='ltr'><strong>exemplum</strong></span> <span class='ocrx_word' id='word_1_201' title='bbox 1143 1644 1239 1684; x_wconf 86' lang='lat' dir='ltr'><strong>illud</strong></span> <span class='ocrx_word' id='word_1_202' title='bbox 1273 1645 1377 1684; x_wconf 90' lang='lat' dir='ltr'><strong>unde</strong></span> <span class='ocrx_word' id='word_1_203' title='bbox 1409 1658 1540 1684; x_wconf 82' lang='lat' dir='ltr'><strong>mana-</strong></span> 
     </span>
     <span class='ocr_line' id='line_1_22' title="bbox 47 1713 1535 1763; baseline 0 -10"><span class='ocrx_word' id='word_1_204' title='bbox 47 1715 146 1754; x_wconf 79' lang='lat' dir='ltr'><strong>verit</strong></span> <span class='ocrx_word' id='word_1_205' title='bbox 187 1715 304 1753; x_wconf 85' lang='lat' dir='ltr'><strong>etiam</strong></span> <span class='ocrx_word' id='word_1_206' title='bbox 344 1715 382 1753; x_wconf 90' lang='lat' dir='ltr'><strong>in</strong></span> <span class='ocrx_word' id='word_1_207' title='bbox 420 1714 574 1763; x_wconf 75' lang='lat' dir='ltr'><strong>reliqua</strong></span> <span class='ocrx_word' id='word_1_208' title='bbox 612 1716 723 1763; x_wconf 84' lang='lat' dir='ltr'><strong>parte</strong></span> <span class='ocrx_word' id='word_1_209' title='bbox 762 1713 847 1751; x_wconf 86' lang='lat' dir='ltr'><strong>libri</strong></span> <span class='ocrx_word' id='word_1_210' title='bbox 881 1713 970 1751; x_wconf 87' lang='lat' dir='ltr'><strong>Vlll</strong></span> <span class='ocrx_word' id='word_1_211' title='bbox 1009 1713 1114 1751; x_wconf 88' lang='lat' dir='ltr'><strong>etin</strong></span> <span class='ocrx_word' id='word_1_212' title='bbox 1148 1713 1248 1752; x_wconf 88' lang='lat' dir='ltr'><strong>libro</strong></span> <span class='ocrx_word' id='word_1_213' title='bbox 1276 1713 1330 1752; x_wconf 82' lang='lat' dir='ltr'><strong>IX</strong></span> <span class='ocrx_word' id='word_1_214' title='bbox 1368 1714 1535 1753; x_wconf 90' lang='lat' dir='ltr'><strong>eundem</strong></span> 
     </span>
     <span class='ocr_line' id='line_1_23' title="bbox 46 1781 1540 1832; baseline -0.001 -10"><span class='ocrx_word' id='word_1_215' title='bbox 46 1786 196 1823; x_wconf 86' lang='lat' dir='ltr'><strong>textum</strong></span> <span class='ocrx_word' id='word_1_216' title='bbox 235 1787 355 1832; x_wconf 86' lang='lat' dir='ltr'><strong>atque</strong></span> <span class='ocrx_word' id='word_1_217' title='bbox 393 1782 464 1820; x_wconf 82' lang='lat' dir='ltr'><strong>hos</strong></span> <span class='ocrx_word' id='word_1_218' title='bbox 504 1781 662 1820; x_wconf 86' lang='lat' dir='ltr'><strong>codices</strong></span> <span class='ocrx_word' id='word_1_219' title='bbox 701 1781 895 1820; x_wconf 85' lang='lat' dir='ltr'><strong>habuisse.</strong></span> <span class='ocrx_word' id='word_1_220' title='bbox 956 1781 999 1820; x_wconf 92' lang='lat' dir='ltr'><strong>In</strong></span> <span class='ocrx_word' id='word_1_221' title='bbox 1042 1781 1100 1820; x_wconf 86' lang='lat' dir='ltr'><strong>his</strong></span> <span class='ocrx_word' id='word_1_222' title='bbox 1137 1785 1268 1821; x_wconf 85' lang='lat' dir='ltr'><strong>antem</strong></span> <span class='ocrx_word' id='word_1_223' title='bbox 1307 1782 1416 1821; x_wconf 86' lang='lat' dir='ltr'><strong>libris</strong></span> <span class='ocrx_word' id='word_1_224' title='bbox 1453 1794 1540 1821; x_wconf 91' lang='lat' dir='ltr'><strong>cnm</strong></span> 
     </span>
     <span class='ocr_line' id='line_1_24' title="bbox 49 1849 1542 1901; baseline 0 -11"><span class='ocrx_word' id='word_1_225' title='bbox 49 1851 174 1891; x_wconf 80' lang='lat' dir='ltr'><strong>codex</strong></span> <span class='ocrx_word' id='word_1_226' title='bbox 203 1862 225 1889; x_wconf 87' lang='lat' dir='ltr'><em>v</em></span> <span class='ocrx_word' id='word_1_227' title='bbox 265 1854 424 1901; x_wconf 85' lang='lat' dir='ltr'><strong>praeter</strong></span> <span class='ocrx_word' id='word_1_228' title='bbox 462 1861 608 1900; x_wconf 89' lang='lat' dir='ltr'><strong>paucos</strong></span> <span class='ocrx_word' id='word_1_229' title='bbox 646 1850 752 1888; x_wconf 89' lang='lat' dir='ltr'><strong>locos</strong></span> <span class='ocrx_word' id='word_1_230' title='bbox 791 1849 963 1888; x_wconf 88' lang='lat' dir='ltr'><strong>nondum</strong></span> <span class='ocrx_word' id='word_1_231' title='bbox 1003 1861 1197 1889; x_wconf 84' lang='lat' dir='ltr'><strong>excussus</strong></span> <span class='ocrx_word' id='word_1_232' title='bbox 1235 1851 1301 1895; x_wconf 83' lang='lat' dir='ltr'><strong>sit,</strong></span> <span class='ocrx_word' id='word_1_233' title='bbox 1343 1850 1542 1890; x_wconf 86' lang='lat' dir='ltr'><strong>nonnullis</strong></span> 
     </span>
     <span class='ocr_line' id='line_1_25' title="bbox 52 1917 1542 1970; baseline 0 -12"><span class='ocrx_word' id='word_1_234' title='bbox 52 1919 214 1970; x_wconf 85' lang='lat' dir='ltr'><strong>quidem</strong></span> <span class='ocrx_word' id='word_1_235' title='bbox 248 1917 345 1957; x_wconf 87' lang='lat' dir='ltr'><strong>locis</strong></span> <span class='ocrx_word' id='word_1_236' title='bbox 376 1917 564 1956; x_wconf 84' lang='lat' dir='ltr'><strong>habemus</strong></span> <span class='ocrx_word' id='word_1_237' title='bbox 596 1918 784 1956; x_wconf 85' lang='lat' dir='ltr'><strong>lectiones</strong></span> <span class='ocrx_word' id='word_1_238' title='bbox 815 1917 960 1956; x_wconf 84' lang='lat' dir='ltr'><strong>codicis</strong></span> <span class='ocrx_word' id='word_1_239' title='bbox 991 1930 1021 1965; x_wconf 77' lang='lat' dir='ltr'><strong>S,</strong></span> <span class='ocrx_word' id='word_1_240' title='bbox 1052 1917 1121 1956; x_wconf 88' lang='lat' dir='ltr'><strong>sed</strong></span> <span class='ocrx_word' id='word_1_241' title='bbox 1154 1918 1386 1969; x_wconf 84' lang='lat' dir='ltr'><strong>plerumque</strong></span> <span class='ocrx_word' id='word_1_242' title='bbox 1417 1919 1454 1958; x_wconf 92' lang='lat' dir='ltr'><strong>in</strong></span> <span class='ocrx_word' id='word_1_243' title='bbox 1487 1919 1542 1958; x_wconf 88' lang='lat' dir='ltr'><strong>lo·</strong></span> 
     </span>
     <span class='ocr_line' id='line_1_26' title="bbox 51 1985 1542 2037; baseline -0.001 -11"><span class='ocrx_word' id='word_1_244' title='bbox 51 1987 106 2027; x_wconf 88' lang='lat' dir='ltr'><strong>eis</strong></span> <span class='ocrx_word' id='word_1_245' title='bbox 133 1986 210 2025; x_wconf 89' lang='lat' dir='ltr'><strong>huc</strong></span> <span class='ocrx_word' id='word_1_246' title='bbox 241 1985 512 2037; x_wconf 73' lang='lat' dir='ltr'><strong>spectantibus</strong></span> <span class='ocrx_word' id='word_1_247' title='bbox 539 1985 871 2036; x_wconf 87' lang='lat' dir='ltr'><strong>acquiescendum</strong></span> <span class='ocrx_word' id='word_1_248' title='bbox 894 1986 969 2025; x_wconf 89' lang='lat' dir='ltr'><strong>erit</strong></span> <span class='ocrx_word' id='word_1_249' title='bbox 996 1986 1204 2036; x_wconf 85' lang='lat' dir='ltr'><strong>scripturis</strong></span> <span class='ocrx_word' id='word_1_250' title='bbox 1226 1985 1373 2025; x_wconf 87' lang='lat' dir='ltr'><strong>codicis</strong></span> <span class='ocrx_word' id='word_1_251' title='bbox 1392 1987 1418 2024; x_wconf 84' lang='grc' dir='ltr'><strong>Ι.</strong></span> <span class='ocrx_word' id='word_1_252' title='bbox 1467 1985 1542 2026; x_wconf 87' lang='lat' dir='ltr'><strong>Sed</strong></span> 
     </span>
     <span class='ocr_line' id='line_1_27' title="bbox 51 2053 1544 2105; baseline -0.001 -10"><span class='ocrx_word' id='word_1_253' title='bbox 51 2055 112 2095; x_wconf 89' lang='lat' dir='ltr'><strong>his</strong></span> <span class='ocrx_word' id='word_1_254' title='bbox 133 2066 294 2105; x_wconf 87' lang='lat' dir='ltr'><strong>qnoque</strong></span> <span class='ocrx_word' id='word_1_255' title='bbox 317 2054 412 2093; x_wconf 91' lang='lat' dir='ltr'><strong>locis</strong></span> <span class='ocrx_word' id='word_1_256' title='bbox 436 2053 611 2092; x_wconf 85' lang='lat' dir='ltr'><strong>codicem</strong></span> <span class='ocrx_word' id='word_1_257' title='bbox 634 2055 649 2091; x_wconf 95' lang='lat' dir='ltr'><strong>l</strong></span> <span class='ocrx_word' id='word_1_258' title='bbox 680 2066 767 2092; x_wconf 90' lang='lat' dir='ltr'><strong>cnm</strong></span> <span class='ocrx_word' id='word_1_259' title='bbox 792 2054 934 2092; x_wconf 87' lang='lat' dir='ltr'><strong>ceteris</strong></span> <span class='ocrx_word' id='word_1_260' title='bbox 956 2065 1119 2104; x_wconf 88' lang='lat' dir='ltr'><strong>prorsus</strong></span> <span class='ocrx_word' id='word_1_261' title='bbox 1142 2054 1376 2100; x_wconf 79' lang='lat' dir='ltr'><strong>consentire,</strong></span> <span class='ocrx_word' id='word_1_262' title='bbox 1408 2065 1544 2093; x_wconf 88' lang='lat' dir='ltr'><strong>omnes</strong></span> 
     </span>
     <span class='ocr_line' id='line_1_28' title="bbox 52 2121 1541 2173; baseline -0.001 -10"><span class='ocrx_word' id='word_1_263' title='bbox 52 2124 110 2163; x_wconf 90' lang='lat' dir='ltr'><strong>illi</strong></span> <span class='ocrx_word' id='word_1_264' title='bbox 142 2122 229 2171; x_wconf 88' lang='lat' dir='ltr'><strong>loci,</strong></span> <span class='ocrx_word' id='word_1_265' title='bbox 259 2122 404 2173; x_wconf 89' lang='lat' dir='ltr'><strong>quibus</strong></span> <span class='ocrx_word' id='word_1_266' title='bbox 436 2122 625 2161; x_wconf 87' lang='lat' dir='ltr'><strong>lectiones</strong></span> <span class='ocrx_word' id='word_1_267' title='bbox 657 2134 792 2160; x_wconf 92' lang='lat' dir='ltr'><strong>eorum</strong></span> <span class='ocrx_word' id='word_1_268' title='bbox 826 2126 943 2160; x_wconf 87' lang='lat' dir='ltr'><strong>notae</strong></span> <span class='ocrx_word' id='word_1_269' title='bbox 975 2126 1086 2170; x_wconf 87' lang='lat' dir='ltr'><strong>sunt,</strong></span> <span class='ocrx_word' id='word_1_270' title='bbox 1116 2122 1213 2160; x_wconf 82' lang='lat' dir='ltr'><strong>satis</strong></span> <span class='ocrx_word' id='word_1_271' title='bbox 1243 2134 1445 2173; x_wconf 81' lang='lat' dir='ltr'><strong>superque.</strong></span> <span class='ocrx_word' id='word_1_272' title='bbox 1476 2121 1541 2161; x_wconf 88' lang='lat' dir='ltr'><strong>de-</strong></span> 
     </span>
     <span class='ocr_line' id='line_1_29' title="bbox 53 2189 1542 2240; baseline -0.002 -9"><span class='ocrx_word' id='word_1_273' title='bbox 53 2194 284 2231; x_wconf 81' lang='lat' dir='ltr'><strong>monstrant.</strong></span> <span class='ocrx_word' id='word_1_274' title='bbox 346 2192 396 2231; x_wconf 90' lang='lat' dir='ltr'><strong>Ut</strong></span> <span class='ocrx_word' id='word_1_275' title='bbox 416 2195 545 2229; x_wconf 79' lang='lat' dir='ltr'><strong>autern</strong></span> <span class='ocrx_word' id='word_1_276' title='bbox 581 2190 682 2228; x_wconf 86' lang='lat' dir='ltr'><strong>hanc</strong></span> <span class='ocrx_word' id='word_1_277' title='bbox 705 2202 784 2228; x_wconf 88' lang='lat' dir='ltr'><strong>rem</strong></span> <span class='ocrx_word' id='word_1_278' title='bbox 818 2202 933 2240; x_wconf 83' lang='lat' dir='ltr'><strong>quam</strong></span> <span class='ocrx_word' id='word_1_279' title='bbox 964 2190 1128 2228; x_wconf 81' lang='lat' dir='ltr'><strong>maxime</strong></span> <span class='ocrx_word' id='word_1_280' title='bbox 1150 2189 1405 2236; x_wconf 85' lang='lat' dir='ltr'><strong>illustremus,</strong></span> <span class='ocrx_word' id='word_1_281' title='bbox 1436 2191 1542 2230; x_wconf 86' lang='lat' dir='ltr'><strong>inva-</strong></span> 
     </span>
     <span class='ocr_line' id='line_1_30' title="bbox 52 2258 1545 2309; baseline -0.001 -10"><span class='ocrx_word' id='word_1_282' title='bbox 52 2261 110 2300; x_wconf 87' lang='lat' dir='ltr'><strong>bit</strong></span> <span class='ocrx_word' id='word_1_283' title='bbox 149 2271 217 2298; x_wconf 82' lang='lat' dir='ltr'><strong>eos</strong></span> <span class='ocrx_word' id='word_1_284' title='bbox 253 2259 361 2298; x_wconf 92' lang='lat' dir='ltr'><strong>locos</strong></span> <span class='ocrx_word' id='word_1_285' title='bbox 398 2260 562 2298; x_wconf 81' lang='lat' dir='ltr'><strong>omissos</strong></span> <span class='ocrx_word' id='word_1_286' title='bbox 600 2259 661 2296; x_wconf 90' lang='lat' dir='ltr'><strong>vel</strong></span> <span class='ocrx_word' id='word_1_287' title='bbox 701 2259 737 2297; x_wconf 91' lang='lat' dir='ltr'><strong>in</strong></span> <span class='ocrx_word' id='word_1_288' title='bbox 776 2258 935 2297; x_wconf 85' lang='lat' dir='ltr'><strong>brevius</strong></span> <span class='ocrx_word' id='word_1_289' title='bbox 971 2261 1215 2308; x_wconf 87' lang='lat' dir='ltr'><strong>contractos,</strong></span> <span class='ocrx_word' id='word_1_290' title='bbox 1256 2258 1401 2309; x_wconf 87' lang='lat' dir='ltr'><strong>quibus</strong></span> <span class='ocrx_word' id='word_1_291' title='bbox 1434 2259 1468 2297; x_wconf 87' lang='lat' dir='ltr'><em>B</em></span> <span class='ocrx_word' id='word_1_292' title='bbox 1505 2263 1545 2298; x_wconf 87' lang='lat' dir='ltr'><strong>et</strong></span> 
     </span>
     <span class='ocr_line' id='line_1_31' title="bbox 54 2326 1545 2377; baseline -0.001 -10"><span class='ocrx_word' id='word_1_293' title='bbox 54 2328 175 2367; x_wconf 85' lang='lat' dir='ltr'><strong>ceteri</strong></span> <span class='ocrx_word' id='word_1_294' title='bbox 206 2326 318 2365; x_wconf 90' lang='lat' dir='ltr'><strong>codd.</strong></span> <span class='ocrx_word' id='word_1_295' title='bbox 341 2326 448 2366; x_wconf 93' lang='lat' dir='ltr'><strong>decc.</strong></span> <span class='ocrx_word' id='word_1_296' title='bbox 475 2326 577 2365; x_wconf 90' lang='lat' dir='ltr'><strong>inter</strong></span> <span class='ocrx_word' id='word_1_297' title='bbox 600 2339 642 2365; x_wconf 85' lang='lat' dir='ltr'><strong>se</strong></span> <span class='ocrx_word' id='word_1_298' title='bbox 666 2326 908 2376; x_wconf 86' lang='lat' dir='ltr'><strong>discrepant,</strong></span> <span class='ocrx_word' id='word_1_299' title='bbox 940 2338 1075 2365; x_wconf 90' lang='lat' dir='ltr'><strong>omnes</strong></span> <span class='ocrx_word' id='word_1_300' title='bbox 1106 2338 1355 2373; x_wconf 85' lang='lat' dir='ltr'><strong>enumerare;</strong></span> <span class='ocrx_word' id='word_1_301' title='bbox 1387 2327 1424 2365; x_wconf 87' lang='lat' dir='ltr'><strong>in</strong></span> <span class='ocrx_word' id='word_1_302' title='bbox 1457 2327 1545 2377; x_wconf 89' lang='lat' dir='ltr'><strong>qui-</strong></span> 
     </span>
     <span class='ocr_line' id='line_1_32' title="bbox 54 2393 1543 2445; baseline -0.001 -10"><span class='ocrx_word' id='word_1_303' title='bbox 54 2396 142 2441; x_wconf 90' lang='lat' dir='ltr'><strong>bus,</strong></span> <span class='ocrx_word' id='word_1_304' title='bbox 173 2395 204 2433; x_wconf 87' lang='lat' dir='ltr'><strong>si</strong></span> <span class='ocrx_word' id='word_1_305' title='bbox 238 2394 332 2445; x_wconf 89' lang='lat' dir='ltr'><strong>quid</strong></span> <span class='ocrx_word' id='word_1_306' title='bbox 365 2395 455 2433; x_wconf 87' lang='lat' dir='ltr'><strong>novi</strong></span> <span class='ocrx_word' id='word_1_307' title='bbox 487 2406 535 2433; x_wconf 86' lang='lat' dir='ltr'><strong>ex</strong></span> <span class='ocrx_word' id='word_1_308' title='bbox 568 2393 704 2433; x_wconf 87' lang='lat' dir='ltr'><strong>codice</strong></span> <span class='ocrx_word' id='word_1_309' title='bbox 729 2394 763 2431; x_wconf 88' lang='lat' dir='ltr'><em>B</em></span> <span class='ocrx_word' id='word_1_310' title='bbox 786 2394 1008 2443; x_wconf 78' lang='lat' dir='ltr'><strong>enucleavi,</strong></span> <span class='ocrx_word' id='word_1_311' title='bbox 1038 2406 1247 2445; x_wconf 83' lang='lat' dir='ltr'><strong>apponam.</strong></span> <span class='ocrx_word' id='word_1_312' title='bbox 1309 2394 1409 2434; x_wconf 86' lang='lat' dir='ltr'><strong>Sunt</strong></span> <span class='ocrx_word' id='word_1_313' title='bbox 1440 2395 1543 2434; x_wconf 87' lang='lat' dir='ltr'><strong>enim</strong></span> 
     </span>
     <span class='ocr_line' id='line_1_33' title="bbox 55 2459 1547 2513; baseline 0 -11"><span class='ocrx_word' id='word_1_314' title='bbox 55 2464 118 2503; x_wconf 80' lang='lat' dir='ltr'><strong>hi:</strong></span> <span class='ocrx_word' id='word_1_315' title='bbox 150 2464 300 2506; x_wconf 84' lang='lat'>11115,</span> <span class='ocrx_word' id='word_1_316' title='bbox 324 2465 370 2513; x_wconf 82' lang='lat'><strong>73</strong></span> <span class='ocrx_word' id='word_1_317' title='bbox 406 2465 498 2513; x_wconf 88' lang='lat'><strong>119,</strong></span> <span class='ocrx_word' id='word_1_318' title='bbox 519 2466 566 2511; x_wconf 79' lang='lat'><strong>43</strong></span> <span class='ocrx_word' id='word_1_319' title='bbox 602 2465 689 2510; x_wconf 83' lang='lat'><strong>122,</strong></span> <span class='ocrx_word' id='word_1_320' title='bbox 712 2465 785 2504; x_wconf 78' lang='grc'><strong>21;</strong></span> <span class='ocrx_word' id='word_1_321' title='bbox 821 2465 909 2505; x_wconf 84' lang='grc'><strong>125,</strong></span> <span class='ocrx_word' id='word_1_322' title='bbox 933 2459 1024 2511; x_wconf 82' lang='lat'>4;¹)</span> <span class='ocrx_word' id='word_1_323' title='bbox 1059 2465 1225 2512; x_wconf 83' lang='lat'>128,10</span> <span class='ocrx_word' id='word_1_324' title='bbox 1255 2462 1336 2510; x_wconf 84' lang='lat' dir='ltr'><strong>(ubi</strong></span> <span class='ocrx_word' id='word_1_325' title='bbox 1368 2463 1403 2502; x_wconf 91' lang='lat' dir='ltr'><em>B</em></span> <span class='ocrx_word' id='word_1_326' title='bbox 1434 2475 1547 2513; x_wconf 85' lang='lat' dir='ltr'><strong>prae-</strong></span> 
     </span>
     <span class='ocr_line' id='line_1_34' title="bbox 174 2529 1549 2593; baseline 0 -10"><span class='ocrx_word' id='word_1_327' title='bbox 174 2531 202 2588; x_wconf 54' lang='grc' dir='ltr'><strong>’ᾗ</strong></span> <span class='ocrx_word' id='word_1_328' title='bbox 220 2529 417 2584; x_wconf 44' lang='grc' dir='ltr'><strong>ἶΗο-(ἶΙοεεο</strong></span> <span class='ocrx_word' id='word_1_329' title='bbox 442 2559 523 2583; x_wconf 88' lang='lat' dir='ltr'><strong>cum</strong></span> <span class='ocrx_word' id='word_1_330' title='bbox 550 2548 705 2592; x_wconf 83' lang='lat' dir='ltr'><strong>primum</strong></span> <span class='ocrx_word' id='word_1_331' title='bbox 732 2547 879 2592; x_wconf 79' lang='lat' dir='ltr'><strong>quidem</strong></span> <span class='ocrx_word' id='word_1_332' title='bbox 913 2552 990 2582; x_wconf 81' lang='lat' dir='ltr'><strong>tota</strong></span> <span class='ocrx_word' id='word_1_333' title='bbox 1016 2547 1091 2582; x_wconf 83' lang='lat' dir='ltr'><strong>fere</strong></span> <span class='ocrx_word' id='word_1_334' title='bbox 1117 2547 1254 2593; x_wconf 77' lang='lat' dir='ltr'><strong>pagina</strong></span> <span class='ocrx_word' id='word_1_335' title='bbox 1279 2557 1396 2583; x_wconf 79' lang='lat' dir='ltr'><strong>vaona</strong></span> <span class='ocrx_word' id='word_1_336' title='bbox 1420 2548 1549 2583; x_wconf 82' lang='lat' dir='ltr'><strong>relicta</strong></span> 
     </span>
     <span class='ocr_line' id='line_1_35' title="bbox 57 2599 1546 2648; baseline -0.001 -9"><span class='ocrx_word' id='word_1_337' title='bbox 57 2605 194 2640; x_wconf 77' lang='lat' dir='ltr'><strong>omissa</strong></span> <span class='ocrx_word' id='word_1_338' title='bbox 218 2609 342 2639; x_wconf 84' lang='lat' dir='ltr'><strong>essent</strong></span> <span class='ocrx_word' id='word_1_339' title='bbox 368 2604 488 2638; x_wconf 81' lang='lat' dir='ltr'><strong>omnia</strong></span> <span class='ocrx_word' id='word_1_340' title='bbox 514 2614 630 2647; x_wconf 78' lang='lat' dir='ltr'><strong>usque</strong></span> <span class='ocrx_word' id='word_1_341' title='bbox 656 2604 701 2638; x_wconf 85' lang='lat' dir='ltr'><strong>ad</strong></span> <span class='ocrx_word' id='word_1_342' title='bbox 729 2603 839 2638; x_wconf 82' lang='lat' dir='ltr'><strong>verba</strong></span> <span class='ocrx_word' id='word_1_343' title='bbox 865 2599 1050 2648; x_wconf 71' lang='grc' dir='ltr'><strong>καθάπερ</strong></span> <span class='ocrx_word' id='word_1_344' title='bbox 1075 2601 1139 2638; x_wconf 73' lang='grc' dir='ltr'><strong>καὶ</strong></span> <span class='ocrx_word' id='word_1_345' title='bbox 1164 2606 1264 2648; x_wconf 74' lang='lat' dir='ltr'><strong>(pag.</strong></span> <span class='ocrx_word' id='word_1_346' title='bbox 1289 2605 1361 2646; x_wconf 77' lang='lat'><strong>128,</strong></span> <span class='ocrx_word' id='word_1_347' title='bbox 1381 2606 1434 2646; x_wconf 84' lang='lat'><strong>2),</strong></span> <span class='ocrx_word' id='word_1_348' title='bbox 1460 2603 1546 2638; x_wconf 84' lang='lat' dir='ltr'><strong>dua-</strong></span> 
     </span>
     <span class='ocr_line' id='line_1_36' title="bbox 58 2659 1551 2705; baseline 0 -9"><span class='ocrx_word' id='word_1_349' title='bbox 58 2661 129 2696; x_wconf 84' lang='lat' dir='ltr'><strong>bus</strong></span> <span class='ocrx_word' id='word_1_350' title='bbox 164 2660 335 2695; x_wconf 82' lang='lat' dir='ltr'><strong>manibus</strong></span> <span class='ocrx_word' id='word_1_351' title='bbox 367 2666 404 2695; x_wconf 85' lang='lat' dir='ltr'><strong>et</strong></span> <span class='ocrx_word' id='word_1_352' title='bbox 432 2660 591 2695; x_wconf 82' lang='lat' dir='ltr'><strong>diversis</strong></span> <span class='ocrx_word' id='word_1_353' title='bbox 618 2659 848 2705; x_wconf 86' lang='lat' dir='ltr'><strong>temporibus</strong></span> <span class='ocrx_word' id='word_1_354' title='bbox 879 2670 922 2694; x_wconf 82' lang='lat' dir='ltr'><strong>ea</strong></span> <span class='ocrx_word' id='word_1_355' title='bbox 952 2670 1046 2705; x_wconf 84' lang='lat' dir='ltr'><strong>quae</strong></span> <span class='ocrx_word' id='word_1_356' title='bbox 1078 2659 1345 2695; x_wconf 76' lang='lat' dir='ltr'><strong>interciderant</strong></span> <span class='ocrx_word' id='word_1_357' title='bbox 1377 2660 1551 2705; x_wconf 72' lang='lat' dir='ltr'><strong>suppleta</strong></span> 
     </span>
     <span class='ocr_line' id='line_1_37' title="bbox 58 2716 1551 2761; baseline -0.001 -9"><span class='ocrx_word' id='word_1_358' title='bbox 58 2723 155 2760; x_wconf 85' lang='lat' dir='ltr'><strong>sunt,</strong></span> <span class='ocrx_word' id='word_1_359' title='bbox 180 2722 292 2761; x_wconf 77' lang='lat' dir='ltr'><strong>atque</strong></span> <span class='ocrx_word' id='word_1_360' title='bbox 317 2716 353 2752; x_wconf 90' lang='lat' dir='ltr'><strong>id</strong></span> <span class='ocrx_word' id='word_1_361' title='bbox 372 2717 433 2759; x_wconf 77' lang='lat' dir='ltr'><strong>ita,</strong></span> <span class='ocrx_word' id='word_1_362' title='bbox 458 2723 498 2751; x_wconf 88' lang='lat' dir='ltr'><strong>ut</strong></span> <span class='ocrx_word' id='word_1_363' title='bbox 522 2727 565 2751; x_wconf 81' lang='lat' dir='ltr'><strong>ea</strong></span> <span class='ocrx_word' id='word_1_364' title='bbox 590 2726 683 2761; x_wconf 86' lang='lat' dir='ltr'><strong>quae</strong></span> <span class='ocrx_word' id='word_1_365' title='bbox 710 2717 906 2751; x_wconf 85' lang='lat' dir='ltr'><strong>Kramerus</strong></span> <span class='ocrx_word' id='word_1_366' title='bbox 931 2717 1038 2751; x_wconf 73' lang='lat' dir='ltr'><strong>affert</strong></span> <span class='ocrx_word' id='word_1_367' title='bbox 1069 2717 1189 2751; x_wconf 80' lang='lat' dir='ltr'><strong>omnia</strong></span> <span class='ocrx_word' id='word_1_368' title='bbox 1212 2717 1419 2761; x_wconf 70' lang='lat' dir='ltr'><strong>antiquiore</strong></span> <span class='ocrx_word' id='word_1_369' title='bbox 1444 2726 1551 2752; x_wconf 86' lang='lat' dir='ltr'><strong>manu</strong></span> 
     </span>
     <span class='ocr_line' id='line_1_38' title="bbox 59 2767 1552 2820; baseline -0.001 -11"><span class='ocrx_word' id='word_1_370' title='bbox 59 2775 200 2820; x_wconf 84' lang='lat' dir='ltr'><strong>scripta</strong></span> <span class='ocrx_word' id='word_1_371' title='bbox 223 2775 295 2809; x_wconf 87' lang='lat' dir='ltr'><strong>sint</strong></span> <span class='ocrx_word' id='word_1_372' title='bbox 315 2779 461 2818; x_wconf 79' lang='lat' dir='ltr'><strong>praeter</strong></span> <span class='ocrx_word' id='word_1_373' title='bbox 479 2773 567 2808; x_wconf 77' lang='lat' dir='ltr'><strong>haec</strong></span> <span class='ocrx_word' id='word_1_374' title='bbox 587 2773 716 2808; x_wconf 85' lang='lat' dir='ltr'><strong>verba:</strong></span> <span class='ocrx_word' id='word_1_375' title='bbox 743 2770 793 2815; x_wconf 73' lang='grc' dir='ltr'><strong>ὡς</strong></span> <span class='ocrx_word' id='word_1_376' title='bbox 811 2769 961 2818; x_wconf 73' lang='grc' dir='ltr'><strong><em>ἔφαμεν</em></strong></span> <span class='ocrx_word' id='word_1_377' title='bbox 978 2770 1116 2818; x_wconf 76' lang='grc' dir='ltr'><em>γέγονε</em></span> <span class='ocrx_word' id='word_1_378' title='bbox 1135 2770 1354 2817; x_wconf 81' lang='grc' dir='ltr'><strong>πόλις(125,</strong></span> <span class='ocrx_word' id='word_1_379' title='bbox 1367 2775 1415 2818; x_wconf 79' lang='grc'><strong>6),</strong></span> <span class='ocrx_word' id='word_1_380' title='bbox 1439 2767 1552 2819; x_wconf 61' lang='lat' dir='ltr'><strong>layci*</strong></span> 
     </span>
     <span class='ocr_line' id='line_1_39' title="bbox 64 2823 1555 2874; baseline 0 -9"><span class='ocrx_word' id='word_1_381' title='bbox 64 2850 107 2857; x_wconf 91' lang='lat'>—</span> <span class='ocrx_word' id='word_1_382' title='bbox 135 2827 214 2866; x_wconf 68' lang='grc' dir='ltr'><strong>ἐστι</strong></span> <span class='ocrx_word' id='word_1_383' title='bbox 241 2828 304 2865; x_wconf 77' lang='grc' dir='ltr'><strong>καὶ</strong></span> <span class='ocrx_word' id='word_1_384' title='bbox 330 2825 350 2863; x_wconf 71' lang='lat'><strong>‹⁴›</strong></span> <span class='ocrx_word' id='word_1_385' title='bbox 377 2833 470 2871; x_wconf 63' lang='grc'><strong>(126,</strong></span> <span class='ocrx_word' id='word_1_386' title='bbox 488 2834 506 2862; x_wconf 77' lang='grc'>3</span> <span class='ocrx_word' id='word_1_387' title='bbox 528 2832 640 2874; x_wconf 84' lang='lat' dir='ltr'><strong>sqq.).</strong></span> <span class='ocrx_word' id='word_1_388' title='bbox 674 2823 772 2864; x_wconf 58' lang='lat' dir='ltr'><strong>iinon·</strong></span> <span class='ocrx_word' id='word_1_389' title='bbox 797 2849 839 2855; x_wconf 91' lang='lat'>-</span> <span class='ocrx_word' id='word_1_390' title='bbox 865 2826 1052 2864; x_wconf 72' lang='grc' dir='ltr'><strong>Αἰπάσιοι·</strong></span> <span class='ocrx_word' id='word_1_391' title='bbox 1075 2833 1264 2873; x_wconf 76' lang='grc'><strong>(126,19),</strong></span> <span class='ocrx_word' id='word_1_392' title='bbox 1296 2827 1334 2865; x_wconf 73' lang='grc' dir='ltr'><strong>δὲ</strong></span> <span class='ocrx_word' id='word_1_393' title='bbox 1362 2833 1426 2874; x_wconf 80' lang='grc' dir='ltr'><strong>τῆς</strong></span> <span class='ocrx_word' id='word_1_394' title='bbox 1450 2826 1555 2872; x_wconf 76' lang='grc' dir='ltr'><strong>Χάας</strong></span> 
     </span>
     <span class='ocr_line' id='line_1_40' title="bbox 59 2881 1551 2932; baseline 0 -11"><span class='ocrx_word' id='word_1_395' title='bbox 59 2889 155 2929; x_wconf 62' lang='lat' dir='ltr'><strong>(mli,</strong></span> <span class='ocrx_word' id='word_1_396' title='bbox 174 2889 241 2928; x_wconf 72' lang='lat'><strong>2⁰),</strong></span> <span class='ocrx_word' id='word_1_397' title='bbox 270 2881 391 2932; x_wconf 66' lang='grc' dir='ltr'><em>ἡβῷμ’</em></span> <span class='ocrx_word' id='word_1_398' title='bbox 433 2907 444 2910; x_wconf 62' lang='lat'><em>&lt;</em></span> <span class='ocrx_word' id='word_1_399' title='bbox 471 2884 659 2930; x_wconf 67' lang='grc' dir='ltr'><strong>Ηίχεσσιν</strong></span> <span class='ocrx_word' id='word_1_400' title='bbox 683 2890 777 2927; x_wconf 78' lang='grc' dir='ltr'><strong>(12ἷ,</strong></span> <span class='ocrx_word' id='word_1_401' title='bbox 795 2890 841 2924; x_wconf 73' lang='grc'><strong>3),</strong></span> <span class='ocrx_word' id='word_1_402' title='bbox 871 2888 919 2932; x_wconf 73' lang='grc' dir='ltr'><strong>τῷ</strong></span> <span class='ocrx_word' id='word_1_403' title='bbox 947 2882 1021 2931; x_wconf 70' lang='grc' dir='ltr'><strong>γὰρ</strong></span> <span class='ocrx_word' id='word_1_404' title='bbox 1051 2906 1088 2910; x_wconf 43' lang='lat'><strong>-2</strong></span> <span class='ocrx_word' id='word_1_405' title='bbox 1119 2882 1220 2921; x_wconf 61' lang='grc' dir='ltr'><strong>Νέδα</strong></span> <span class='ocrx_word' id='word_1_406' title='bbox 1243 2889 1338 2929; x_wconf 74' lang='grc'><strong>(127,</strong></span> <span class='ocrx_word' id='word_1_407' title='bbox 1355 2891 1404 2929; x_wconf 76' lang='lat' dir='ltr'><strong>ss),</strong></span> <span class='ocrx_word' id='word_1_408' title='bbox 1431 2885 1490 2931; x_wconf 68' lang='grc' dir='ltr'><strong>ῥεῖ</strong></span> <span class='ocrx_word' id='word_1_409' title='bbox 1513 2884 1551 2922; x_wconf 63' lang='grc' dir='ltr'><strong>δὲ</strong></span> 
     </span>
    </p>

    <p class='ocr_par' dir='ltr' id='par_1_5' title="bbox 1311 2943 1351 2977">
     <span class='ocr_line' id='line_1_41' title="bbox 1311 2943 1351 2977; baseline 0 -15"><span class='ocrx_word' id='word_1_410' title='bbox 1311 2943 1351 2977; x_wconf 59' lang='grc'><strong>2*</strong></span> 
     </span>
    </p>
   </div>
   <div class='ocr_carea' id='block_1_3' title="bbox 58 2530 178 2534">
    <p class='ocr_par' dir='ltr' id='par_1_6' title="bbox 58 2530 178 2534">
     <span class='ocr_line' id='line_1_42' title="bbox 58 2530 178 2534; baseline 0 0"><span class='ocrx_word' id='word_1_411' title='bbox 58 2530 178 2534; x_wconf 95' lang='lat' dir='ltr'><strong> </strong></span> 
     </span>
    </p>
   </div>
  </div>
 </body>
</html>
