1893 3204
53 352 231 388 numero,
261 350 381 392 supr·
401 338 712 378 demonstratum
734 341 803 377 eot-
861 336 940 385 Qui
967 347 1054 376 cum
1082 334 1222 377 librum
1247 332 1319 375 vn
1340 333 1538 382 integrum

47 409 272 459 exhiberet,
310 407 416 460 quod
449 420 496 446 cx
531 407 626 446 iocis
657 405 890 458 quibusdum
929 418 976 443 ex
1015 405 1090 444 fine
1122 404 1206 443 eius
1244 401 1412 442 laudatis
1452 415 1540 452 pcr-

47 477 233 531 spicitur.
270 479 451 529 apparet,
491 489 576 514 cuin
621 477 784 526 propius
821 486 936 524 quatu
976 472 1023 511 ad
1063 479 1217 511 ceteros
1248 470 1403 510 codices
1435 470 1540 508 dccc.

49 547 265 587 accessisse
295 544 344 584 ad
377 545 573 595 epitomen
602 545 831 583 Vaticanum
858 542 899 580 E.
960 541 1075 589 Quod
1108 541 1222 580 ctiam
1246 540 1302 578 eis
1324 539 1420 579 iocis
1450 551 1541 577 con·

47 612 243 661 iii-matur,
281 611 345 651 ubi
386 612 615 650 Eustathius
657 619 695 650 et
742 611 839 650 haec
885 608 1054 660 epitome
1100 621 1122 645 a
1163 608 1303 646 ccteris
1341 605 1542 645 codicibus

48 681 324 733 discrepantes
358 682 468 719 unice
493 693 606 719 veras
629 680 818 718 lectiones
850 677 1058 728 praebent:
1093 678 1104 715 i
1136 680 1222 721 193,
1252 679 1299 715 15
1331 681 1370 714 et
1401 676 1493 719 209,
1519 675 1538 713 1

49 748 100 790 cs.
121 749 231 789 Eunt.
252 748 298 787 ad
325 749 436 787 Dion.
464 751 543 788 285
576 742 923 799 (τραχηλιμιιὶιυν
953 750 992 784 et
1023 741 1273 795 tita,11e'i'31);
1307 744 1340 782 11
1378 746 1468 793 184,
1493 744 1542 782 16

47 816 95 857 cf.
116 817 228 859 Eunt.
253 816 299 855 nd
325 817 367 855 11.
385 815 421 855 ΙΙ
443 820 522 857 562
546 811 850 866 (ἐπιφέροιενη
886 816 975 863 189,
994 816 1015 853 7
1049 813 1098 852 cs.
1121 814 1228 851 Eust.
1251 811 1299 850 ad
1322 810 1395 850 od.
1414 822 1439 862 γ
1462 812 1542 851 287

46 879 256 938 (paidom).
317 885 394 924 Sed
427 898 514 924 cum
548 886 621 924 loci
653 884 812 935 quidam
846 884 1107 932 inveniantur,
1138 882 1283 931 quibus
1313 879 1438 919 codex
1465 880 1544 919 Eu·

46 954 167 994 statbi
200 966 286 993 cum
319 954 404 993 cod.
426 956 458 991 A
490 954 683 993 concinat.
715 953 764 991 ab
795 952 966 1002 epitome
991 951 1027 989 Ε
1054 956 1094 989 et
1125 951 1269 988 ceteris
1299 948 1413 987 codd.
1434 947 1543 986 dccc.

40 1021 241 1078 ‚recedens
262 1022 315 1067 (11
342 1025 434 1070 110,
459 1025 526 1061 10:
558 1013 730 1072 ὥσπερς
764 1024 855 1063 323,
884 1024 951 1060 14:
983 1009 1195 1066 οὐδένας),
1228 1016 1543 1056 concludendum

49 1090 213 1134 videtur,
245 1102 333 1129 eum
366 1091 480 1129 ctiam
513 1091 680 1140 propius
711 1102 827 1140 quam
860 1090 1055 1139 epitomen
1081 1087 1117 1126 E
1144 1086 1193 1125 ad
1225 1086 1540 1136 antiquissimum

47 1156 152 1196 illum
184 1158 359 1196 omnium
393 1157 571 1196 codicum
601 1157 707 1196 decc.
736 1158 999 1207 archetypum
1030 1156 1257 1194 accessisse.
1319 1154 1374 1191 Ac
1409 1153 1541 1191 nescio

50 1238 101 1264 an
132 1225 171 1264 iu
204 1225 278 1264 boc
309 1225 445 1264 codice
479 1225 676 1264 interdum
709 1225 811 1264 duae
844 1225 990 1264 suerint
1026 1224 1230 1271 lectiones,
1262 1222 1318 1261 sic
1350 1222 1453 1260 enim
1485 1221 1538 1259 in-

47 1292 184 1344 tellegi
217 1298 365 1344 potest,
403 1294 520 1333 falsas
553 1295 742 1332 lectiones
775 1294 956 1332 Eustathi
995 1292 1192 1331 interdum
1231 1292 1345 1330 etiam
1385 1290 1423 1328 iu
1464 1289 1543 1339 epi-

49 1364 154 1400 tomo
177 1359 216 1399 E
242 1362 424 1406 inveniri,
457 1374 544 1400 cum
568 1363 687 1400 ceteri
712 1361 869 1400 codices
893 1373 1006 1399 veras
1029 1360 1209 1404 habeant,
1243 1359 1351 1397 velut
1373 1358 1410 1397 11
1434 1360 1497 1403 70,
1519 1359 1542 1395 6

48 1422 287 1481 (τόμουρυς
308 1441 379 1480 pro
403 1423 632 1480 τόμαρος);
669 1434 756 1478 182,
776 1432 796 1468 7
831 1418 1116 1479 (Ἑπίκαρυς),
1147 1432 1185 1466 ct
1207 1427 1372 1466 sortasse
1404 1425 1541 1464 cadem

48 1495 125 1536 suit
155 1510 286 1543 causa,
319 1511 390 1536 cur
422 1498 455 1536 11
483 1502 572 1548 locs,
595 1501 616 1537 7
650 1490 797 1549 (ἄλλη)
831 1498 1011 1536 Eustathi
1035 1496 1158 1535 codex
1192 1508 1278 1534 cum
1303 1494 1481 1533 Medicco
1508 1492 1543 1531 B

49 1564 234 1604 concinat
263 1566 312 1605 ab
345 1566 524 1605 omnibus
557 1567 698 1605 ceteris
727 1566 930 1605 codicibus
961 1565 1155 1604 diversus.

165 1646 228 1683 De
260 1646 606 1697 supplementis
642 1645 796 1684 codici
825 1644 862 1684 A
903 1644 1113 1684 secunda
1145 1656 1281 1683 manu
1311 1638 1541 1693 additis1)

50 1712 244 1752 Kramero
274 1714 483 1765 astipulor,
516 1714 583 1764 qui
617 1728 665 1753 ex
697 1713 834 1752 codicc
867 1713 1071 1752 decurtato
1103 1724 1150 1751 ea
1180 1716 1338 1762 sumpta
1368 1723 1454 1749 esse
1486 1709 1541 1748 di-

50 1780 178 1820 lucide
209 1781 467 1822 demonstrat.
527 1783 568 1821 In
601 1782 674 1821 liac
706 1795 746 1821 re
778 1795 874 1821 vero
906 1782 955 1820 ab
987 1795 1032 1820 eo
1065 1781 1266 1828 dissentio,
1296 1778 1403 1830 quod
1434 1778 1541 1817 codi-

53 1860 137 1888 cem
169 1850 277 1889 ilium
303 1852 452 1890 Veneto
475 1852 490 1889 Ι
517 1852 681 1889 maxime
703 1850 856 1889 affinem
880 1851 998 1889 fnisse
1022 1863 1136 1899 nego.
1195 1849 1348 1887 Etenim
1372 1848 1539 1897 primum

50 1916 209 1968 quidem
242 1924 420 1970 apparet,
452 1931 539 1958 enm
573 1931 660 1957 cum
694 1918 838 1957 familia
864 1920 893 1955 ι’
917 1919 974 1956 Is
998 1930 1018 1956 v
1049 1918 1294 1956 concinuisse
1325 1916 1359 1955 11
1391 1918 1483 1964 155,
1505 1918 1541 1964 7,

50 1985 116 2024 ubi
148 1987 281 2036 verba,
311 1999 411 2038 quae
443 1999 519 2025 sec
542 2000 589 2025 m.
620 1988 658 2025 iu
693 1987 867 2036 margine
899 1985 1047 2025 codicis
1069 1989 1101 2024 1
1133 1987 1259 2036 posita
1288 1990 1391 2030 sunt,
1423 1979 1538 2034 λέγει

47 2043 107 2091 τὰ
134 2052 220 2093 τοῦ
257 2051 473 2106 Ἰὐρτιιίυι
506 2041 569 2092 ὧν
601 2065 699 2091 tna
730 2050 956 2104 παρέθετο
990 2055 1027 2092 in
1061 2053 1176 2092 codd
1201 2055 1254 2091 (ε
1285 2054 1386 2098 (sine
1417 2051 1538 2090 dubio

50 2124 165 2163 etiam
199 2126 236 2163 in
259 2123 296 2169 v)
329 2124 527 2174 leguntur,
560 2124 596 2161 in
630 2122 716 2161 cod.
740 2122 775 2160 B
807 2135 883 2161 non
908 2122 1176 2161 inveniuntur.
1236 2120 1312 2160 Sed
1344 2121 1419 2159 alio
1450 2120 1538 2159 loco

52 2193 86 2232 11
117 2195 212 2238 251,
234 2195 257 2232 2
291 2193 407 2231 etiam
441 2204 528 2230 cum
561 2191 700 2230 codice
725 2191 758 2229 B
790 2191 1046 2241 congruebat,
1079 2202 1166 2229 cum
1200 2194 1289 2240 post
1311 2178 1446 2235 αὐτὸς
1477 2201 1546 2227 ex-

52 2259 207 2300 hiberet
243 2261 358 2299 etiam
391 2260 553 2299 verbum
586 2254 773 2304 ἐκεῖνος,
804 2254 918 2309 {quod
960 2258 996 2297 in
1037 2258 1173 2297 codice
1198 2258 1233 2296 B
1271 2258 1396 2309 prima
1427 2270 1545 2297 manu

51 2328 243 2379 seriptum
275 2341 361 2367 esse
392 2330 473 2379 ipse
508 2328 608 2373 vidi,
646 2329 684 2366 in
717 2328 859 2366 ceteris
892 2339 985 2365 vero
1017 2326 1221 2366 codicibus
1252 2326 1362 2365 decc.
1393 2325 1546 2365 deside-

52 2398 176 2436 ratur.
242 2396 378 2446 itaque
419 2397 466 2435 de
510 2396 568 2434 his
609 2395 894 2446 supplementis
935 2394 1036 2433 idem
1078 2393 1333 2433 statuendum
1375 2393 1545 2443 videtur,

52 2463 160 2516 quod
191 2476 313 2514 supr·
343 2463 392 2502 de
423 2465 596 2514 epitome
630 2463 833 2502 i'lcthonis
865 2463 1096 2513 statuimus,
1134 2475 1181 2501 ea
1213 2475 1261 2501 ex
1293 2462 1429 2502 codice
1460 2474 1546 2500 esse

53 2529 246 2584 prosecta,
279 2532 340 2570 ubi
374 2532 580 2582 utriusque
614 2532 803 2574 familiae,
838 2531 872 2568 lt
901 2535 939 2568 et
972 2531 1002 2568 C
1026 2532 1082 2568 Is
1110 2542 1149 2580 v,
1181 2531 1371 2569 lectiones
1403 2529 1547 2568 mixtae

54 2599 297 2651 legerentur,
327 2601 392 2650 qui
428 2600 546 2648 igitur
578 2599 715 2638 horum
750 2598 929 2637 codicum
970 2599 1165 2638 communi
1198 2598 1296 2639 fonti
1329 2604 1434 2637 esset
1462 2597 1546 2637 affi-

56 2669 131 2708 nio.
190 2666 307 2715 Quod
329 2667 587 2706 confirmatur
609 2668 664 2705 eis
686 2667 794 2715 iocis,
825 2666 966 2715 quibus
996 2666 1272 2717 supplementa
1295 2667 1359 2705 iila
1390 2665 1546 2705 casdem

55 2735 247 2786 praebent
265 2735 465 2782 lectiones,
487 2747 588 2784 quae
608 2735 644 2772 in
663 2735 832 2784 epitome
849 2735 1036 2773 Vaticana
1051 2734 1265 2782 Eexstaut,
1287 2747 1309 2772 a
1325 2739 1546 2772 ceterorum

58 2802 241 2842 codicum
261 2802 499 2841 lectionibus
517 2802 706 2847 diversas,
729 2803 837 2839 velut
855 2802 890 2839 ll
914 2804 1004 2850 182,
1018 2805 1039 2841 7
1063 2803 1144 2849 (ubi
1163 2807 1322 2853 practer
1338 2802 1547 2850 genuinam

170 2936 202 2974 ⁴¹)
227 2931 283 2967 (ff,
312 2932 478 2967 Krsmeri
505 2931 618 2977 praef.
645 2942 726 2976 pag.
754 2931 815 2966 Lx*
836 2943 916 2976 sqq.
