1893 3204
1511 216 1566 256 25

80 341 299 394 profitetur.
328 338 523 391 epitomen
557 338 777 377 Palatinam
807 348 856 376 ex
888 335 1026 374 codice
1047 333 1219 385 quodam
1251 332 1459 373 decurtato
1491 333 1565 372 ori-

78 410 212 461 ginem
243 406 424 455 duxi-ne,
461 418 577 456 quam
609 405 842 444 sententiam
873 405 988 442 etiam
1014 403 1251 453 Muellerus,
1287 401 1325 441 iu
1358 402 1417 440 his
1449 401 1568 439 rebus

80 488 246 530 pror-aua
277 475 512 517 Kramerum
546 479 724 523 secutus,
760 472 799 512 iu
835 472 1036 512 schemate
1068 470 1246 509 codicum
1285 469 1401 511 iudici
1435 470 1566 507 variae

78 545 258 586 lectionis
287 543 502 595 praemisso
534 543 738 593 amplexus
767 547 840 581 eat.
900 540 1016 589 Quod
1049 552 1126 578 non
1161 542 1266 579 recte
1298 549 1387 578 esse
1419 536 1563 577 iudica-

78 618 172 662 tum,
201 612 297 654 satia
317 612 556 662 perspicitur
578 623 624 649 ex
650 611 762 649 locis:
792 612 886 659 210,
912 611 978 652 11;
1010 610 1102 652 237,
1126 610 1194 647 21;
1228 609 1320 653 241,
1343 608 1384 650 3;
1416 607 1510 656 268,
1532 609 1567 651 3,

77 681 143 722 ubi
173 692 240 731 ea,
277 692 379 731 quae
418 681 455 718 in
489 679 669 718 omnibus
709 676 823 717 codd.
853 676 959 716 decc.
995 677 1139 714 omissa
1177 679 1289 725 sunt,
1318 675 1356 713 in
1397 673 1567 725 epitome

78 748 258 790 Palatina
289 749 487 798 leguntur.
550 747 698 787 Contra
724 743 1119 785 animadvertendum
1142 751 1212 788 est,
1245 743 1444 782 nonnullis
1473 742 1569 782 locis

74 829 161 858 sam
199 829 285 856 cum
324 816 457 855 codice
493 819 523 854 A
560 816 789 866 conspirare
832 813 1025 853 adversus
1063 811 1179 851 codd.
1210 811 1334 850 d‹·cc.:
1377 813 1391 850 l
1421 814 1515 858 438,
1543 814 1567 852 4

75 878 416 936 (ἐμπρόσοὸον);
438 887 532 933 446,
557 887 607 923 10
628 875 964 934 (πυθιιγόριον);
987 881 1020 921 ll
1040 884 1106 930 37,
1127 884 1175 920 16
1197 876 1569 930 (βοσπο(ιιαι·ὠν);

77 955 143 998 46,
166 956 214 992 21
250 952 371 1003 (Epit.
392 944 659 1003 κυρηκτική,
682 955 713 989 Α
735 942 1006 1001 κι“(ιικτική);
1039 952 1130 998 208,
1152 952 1177 989 4
1209 945 1451 999 (nivales-k
1483 948 1569 986 aliis

37 1065 43 1071 ⁴
76 1033 171 1060 vero
204 1021 301 1060 locis
332 1032 472 1059 rursus
504 1032 591 1058 cum
624 1018 738 1058 codd.
770 1020 877 1058 decc.
907 1023 1043 1057 contra
1074 1017 1247 1057 codicem
1271 1019 1319 1054 A:
1359 1017 1373 1055 l
1403 1019 1493 1066 184,
1518 1018 1567 1056 19

75 1085 331 1140 (σαρόὦοιὼ
353 1090 446 1138 362,
463 1090 516 1127 26
534 1084 853 1138 (παρθενείαςη
881 1090 974 1130 415,
993 1090 1037 1126 11
1058 1078 1351 1134 (σκυλάκιον),
1375 1085 1409 1124 11
1433 1087 1498 1133 34,
1518 1087 1566 1125 12

72 1149 355 1208 (χερσόνησος
375 1160 413 1195 et
433 1151 570 1202 nula,
601 1168 702 1206 quae
725 1157 841 1194 etiam
863 1156 902 1194 in
925 1154 1062 1194 codice
1084 1154 1120 1192 B
1141 1151 1363 1205 leguntur);
1401 1156 1491 1198 101,
1519 1156 1564 1193 11

74 1215 279 1274 (ἀλφειοῦ
316 1223 419 1270 om.).
480 1225 591 1272 Quae
631 1236 717 1262 cum
757 1225 809 1262 ita
848 1224 942 1267 sint,
984 1222 1147 1261 dubium
1185 1233 1271 1261 esse
1309 1234 1387 1261 nou
1426 1226 1568 1272 potest,

77 1292 173 1344 quin
204 1293 373 1342 epitome
397 1292 575 1331 Palatina
607 1304 655 1331 ex
688 1291 825 1330 codice
858 1292 994 1341 aliquo
1027 1290 1257 1337 manaverit,
1289 1290 1356 1340 qui
1389 1288 1568 1329 neutrius

75 1365 180 1401 esset
210 1360 402 1410 familiae,
432 1359 501 1399 sed
534 1365 572 1399 et
603 1359 740 1399 codice
763 1363 794 1398 A
827 1366 864 1398 et
896 1359 1074 1398 codicum
1107 1358 1402 1398 decurtatorum
1432 1357 1568 1396 arche-

74 1433 170 1480 typo
199 1429 414 1479 antiquior.
477 1431 607 1479 Atque
641 1430 713 1467 hoc
736 1430 790 1467 ita
811 1440 897 1467 esse
920 1429 982 1467 vel
1005 1428 1071 1467 illa
1093 1441 1135 1467 re
1165 1426 1429 1476 confirmatur,
1461 1425 1566 1477 quod

74 1496 182 1536 haud
214 1497 350 1547 paucis
383 1497 479 1536 locis
510 1498 678 1546 epitome
707 1502 842 1535 nostra
874 1496 988 1535 unice
1021 1508 1136 1534 veras
1168 1495 1360 1534 lectiones
1390 1495 1568 1545 praebet,

78 1577 165 1604 cum
188 1577 323 1604 omnes
341 1565 499 1604 codices
520 1566 556 1604 in
581 1565 694 1604 falsis
711 1565 918 1615 scripturis
935 1566 1198 1615 consentiant,
1219 1564 1326 1604 velut
1348 1565 1362 1604 1
1386 1567 1478 1610 211,
1497 1567 1567 1613 21,

74 1636 169 1683 255,
195 1636 266 1682 12;
299 1633 334 1671 11
356 1636 449 1683 249,
475 1636 535 1673 10.
594 1633 670 1673 Sed
702 1645 942 1684 quamquam
965 1633 1198 1683 plerumque
1230 1633 1412 1672 meliores
1434 1633 1569 1671 lectio-

74 1714 144 1740 nes
175 1701 335 1741 exhibet
373 1714 491 1752 quam
530 1703 649 1741 ceteri
691 1702 861 1751 codices,
899 1706 1027 1741 tamen
1066 1701 1324 1741 inveniuntur
1359 1701 1449 1746 loci,
1490 1702 1569 1750 ubi,

73 1782 175 1821 quae
207 1770 245 1809 in
280 1783 327 1809 ea
358 1770 564 1820 leguntur,
604 1770 804 1809 deteriora
835 1775 929 1809 sunt
967 1775 1190 1809 nostrorum
1224 1769 1402 1809 codicum
1435 1770 1568 1809 lectio·

74 1838 200 1888 nibus,
231 1838 341 1877 velut
372 1839 386 1877 1
416 1840 600 1887 103,17;
633 1838 791 1888 118,5;
822 1841 886 1882 49,
911 1841 946 1878 9.
1006 1839 1101 1878 Cum
1124 1842 1254 1877 autem
1283 1842 1460 1877 nostrum
1489 1839 1568 1889 epi·

74 1910 200 1945 tomes
239 1906 462 1956 exemplum
510 1919 586 1945 non
631 1907 797 1957 primum
844 1907 1092 1957 excerptoris
1136 1906 1440 1956 chirographum
1484 1918 1569 1946 esse

75 1973 293 2013 Kramerus
329 1974 514 2023 affirmet,
554 1975 622 2014 sed
662 1975 936 2026 apographum
976 1976 1107 2026 potius
1146 1988 1194 2013 ex
1227 1988 1273 2013 eo
1313 1974 1569 2026 descriptum,

74 2055 124 2082 ex
156 2042 215 2082 his
246 2042 343 2082 locis
380 2055 458 2081 non
501 2043 590 2081 licet
620 2043 880 2092 concludere,
916 2029 1042 2093 ipsum
1081 2043 1187 2082 illum
1221 2042 1415 2093 codicem,
1453 2056 1569 2094 quem

73 2114 212 2150 auctor
249 2112 439 2162 epitomes
478 2111 667 2160 habebat,
713 2112 810 2150 locis
847 2111 1081 2162 quibusdam
1123 2111 1341 2151 deteriores
1382 2112 1570 2151 lectiones

75 2179 304 2230 praebuisse
346 2191 461 2229 quam
495 2179 653 2218 codices
685 2184 854 2218 nostros.
914 2179 1160 2230 Quamquam
1194 2180 1314 2229 igitur
1345 2192 1423 2219 non
1455 2193 1569 2231 pror-

75 2257 144 2286 sus
174 2248 309 2295 negari
342 2251 492 2296 potest,
533 2260 579 2286 ex
613 2248 698 2297 ipso
730 2247 794 2286 illo
826 2246 963 2285 codice
1003 2248 1174 2286 omnium
1208 2252 1429 2287 nostrorum
1461 2247 1568 2287 codi-

78 2325 167 2352 cum
198 2313 461 2365 archetypum
495 2327 580 2353 esse
611 2315 844 2364 derivatum,
875 2320 1006 2354 tamen
1039 2316 1075 2353 in
1109 2319 1221 2354 tanto
1253 2315 1433 2355 codicum
1465 2316 1569 2356 Stra-

77 2380 337 2421 bonianorum
371 2394 546 2431 numero,
576 2382 643 2432 qui
674 2386 768 2421 tunc
800 2382 882 2420 sine
905 2382 1023 2421 dubio
1053 2383 1416 2430 circumferebatur,
1448 2385 1570 2423 mirus

77 2449 141 2489 hic
173 2450 310 2489 fuisset
340 2462 464 2489 casus.
526 2452 781 2501 Quapropter
818 2451 901 2489 veri
933 2456 993 2489 est
1023 2452 1170 2500 simile,
1206 2452 1476 2502 epitomatoris
1506 2465 1568 2492 co-

75 2517 204 2557 dicem
238 2530 315 2556 non
347 2519 460 2568 quasi
500 2518 696 2569 quendam
730 2523 878 2569 patrem
912 2519 973 2557 vel
1005 2531 1120 2558 avum
1154 2519 1276 2560 fuisse
1306 2520 1410 2560 illius
1441 2533 1567 2560 exem-

70 2585 141 2637 pli,
173 2599 220 2624 ex
245 2598 324 2636 quo
354 2598 491 2625 omnes
522 2588 643 2626 nostri
667 2586 824 2625 codices
846 2593 1122 2638 manaverunt,
1152 2587 1222 2628 sed
1252 2587 1413 2629 fratrem
1437 2590 1569 2639 potius

71 2654 133 2693 vel
170 2654 460 2693 consobrinum.

189 2722 285 2761 Cum
319 2723 393 2761 hoc
425 2722 581 2772 codice,
617 2736 664 2761 ex
705 2737 784 2773 quo
817 2724 984 2774 epitome
1025 2725 1205 2764 Palatina
1242 2727 1432 2771 manavit,
1474 2739 1569 2766 non·

72 2790 193 2830 nullis
215 2789 309 2829 locis
341 2792 378 2829 iu
401 2792 585 2841 genuinis
606 2791 811 2830 Strabonis
841 2792 1049 2843 scripturis
1080 2794 1281 2833 concinuit
1310 2795 1569 2845 Stephani,

71 2857 138 2908 qui
162 2857 328 2896 Ethnica
357 2858 602 2909 conscripsit,
632 2859 851 2909 exemplum
875 2859 1193 2899 Strabonianum.
1252 2861 1372 2901 Velut
1401 2861 1556 2901 duobus

69 2926 169 2966 locis
202 2926 237 2965 ll
261 2929 367 2976 43,4
401 2932 440 2966 et
472 2927 505 2965 ll
528 2930 690 2974 454,14
725 2927 792 2974 (cs.
822 2928 955 2979 Stepb.
987 2941 1015 2967 s,
1047 2941 1110 2967 vv.
1144 2918 1288 2980 §todia
1319 2934 1359 2970 et
1394 2922 1570 2970 Kadoi·-
