1893 3204
1518 217 1560 255 11

82 339 297 379 veniuntur
317 335 498 377 conferre
520 347 606 375 cum
625 337 680 374 cis
703 347 805 386 quae
829 334 1060 374 Bustathius
1080 333 1130 373 ad
1148 333 1190 373 11.
1207 335 1289 373 532
1310 343 1359 372 ex
1376 331 1572 370 Strabone

81 408 207 447 affert
267 407 363 446 Oum
385 405 485 444 euim
513 404 739 443 Eustathius
759 415 915 454 semper
936 415 982 440 ea
1012 415 1115 452 quac
1137 400 1185 441 de
1207 399 1363 452 oppidis
1383 400 1422 439 in
1447 398 1571 439 Iliade

82 472 393 515 commemoratis
432 471 538 523 apud
571 471 804 511 Strabonem
842 470 1042 521 leguntur,
1083 482 1129 508 cx
1167 482 1213 509 eo
1244 469 1404 518 afferat,
1442 471 1571 506 tamen

83 542 157 583 hoc
187 543 274 583 loco
303 552 406 592 quse
437 540 476 579 in
505 540 706 579 codicibus
726 538 944 580 decurtatis
965 537 1111 577 desunt
1143 538 1226 589 ipse
1248 547 1409 589 quoque
1431 535 1576 574 omittit

83 616 126 651 et
145 623 193 651 ea
213 609 484 651 tantummodo
504 609 640 648 iaudat
661 620 763 660 quae
785 608 823 647 in
840 607 915 647 illis
936 618 1096 657 quoque
1119 606 1386 645 inveniuntur.
1416 602 1571 643 Deinde

81 677 202 731 paulo
232 677 336 716 infra
366 676 471 727 apud
505 676 736 716 Strabonem
770 676 957 724 leguntur
988 674 1100 714 haee:
1139 665 1163 724 ὴ
1193 670 1237 711 di
1267 665 1456 724 Σκάρφη
1488 674 1572 708 κει-

82 758 154 786 ται
184 735 253 795 ἐφ’
288 736 430 792 ἕψοι-,-
471 742 686 796 [ὀιέχυυσιι
729 740 925 795 θρονίου
964 739 1171 788 σταδίους
1208 736 1382 793 ι-ἴκοοι],
1423 733 1575 791 χώραν

81 804 126 853 δ’
155 806 385 864 εὔκαρποι·
423 807 503 865 [re]
541 810 610 851 καὶ
650 805 890 863 εὕὸενὸρον
927 806 1032 862 ἔχει·
1080 803 1179 863 [ἤδη
1223 803 1307 861 γὰρ
1350 805 1423 847 καὶ
1463 799 1575 860 αὕτη

82 872 172 922 ἀπὸ
204 881 284 920 τοῦ
308 876 468 926 daiam-„-
501 873 781 934 ὠνόμασται]
812 879 1008 920 καλεῖται
1032 875 1077 918 dt·
1101 877 1184 918 νῦν
1210 871 1425 930 Φαρῦγαι·
1457 871 1574 926 ἵδρυ-

82 963 151 989 ται
184 943 227 987 ‹i'
250 943 411 989 αὐτόθι
434 943 564 1001 Ἥρα..-
589 946 844 1001 «Ιίιρυγιιίας
869 942 991 1000 ἱερὸν
1021 960 1059 988 κ.
1080 959 1118 986 τ.
1141 946 1190 996 λ.,
1222 948 1286 986 ubi
1309 960 1355 986 ea
1387 957 1489 997 quae
1511 944 1576 985 de·

82 1023 176 1058 suut
207 1019 245 1058 in
277 1018 392 1058 codd.
422 1018 543 1064 decc„
583 1019 693 1056 uncis
724 1018 877 1056 inclusi.
936 1015 1055 1067 Apud
1088 1014 1340 1056 Eustatliium
1372 1014 1396 1052 1.
1426 1014 1448 1052 Ι.
1480 1013 1577 1052 haee

34 1070 39 1076 ⁸
82 1091 261 1127 exstant:
303 1078 416 1124 κατὰ
453 1082 496 1123 ὀὶ
539 1079 619 1123 τὼ·
656 1076 920 1136 γυηγριίᾳω·
953 1075 1019 1133 ἐφ’
1045 1074 1186 1133 ὕφους
1217 1075 1241 1134 ἡ
1275 1073 1464 1134 Σκιὲρᾳη
1495 1085 1576 1119 κεῖ·

83 1166 166 1202 ται,
205 1147 354 1206 χώραν
391 1145 620 1206 duaa-101·
659 1151 729 1191 καὶ
775 1146 1015 1205 εὔδενδρον
1055 1147 1235 1204 ἕχουσα’
1275 1149 1473 1189 καλεῖται
1517 1145 1577 1197 δέ,

85 1232 204 1275 φησι,
235 1221 321 1261 νῦν
355 1215 552 1274 Φαριῗγιει
586 1219 655 1260 καὶ
691 1217 772 1274 ἔχει
804 1213 1207 1273 ‹1›«0‹·7«e‘‹<,·‘'110a<3
1238 1213 1373 1270 ἱερόν.

198 1292 268 1331 ilis
299 1292 505 1342 exemplis,
535 1291 680 1342 quibus
712 1292 828 1330 etiam
852 1292 930 1330 alia
952 1290 1098 1329 addere
1122 1301 1294 1341 possum,
1324 1288 1418 1328 satis
1440 1300 1578 1339 super-

83 1373 174 1412 que,
205 1361 243 1400 ni
275 1360 402 1406 fallor,
434 1360 743 1410 demonstratur,
780 1360 896 1398 etiam
932 1359 1110 1398 Eustathi
1143 1357 1318 1398 codicem
1350 1357 1579 1398 Strabonia-

84 1441 175 1468 num
207 1441 254 1468 ex
286 1428 580 1468 decurtatorum
613 1440 776 1467 numero
809 1427 943 1467 fuisse.

197 1496 273 1536 Sed
316 1500 358 1536 ut
399 1496 606 1535 redeamus
649 1496 752 1535 uude
795 1495 963 1546 digressi
1005 1508 1162 1545 sumus,
1209 1495 1282 1533 hoe
1324 1491 1578 1534 statuendum

84 1564 259 1610 videtur,
296 1564 456 1604 codices
487 1564 714 1604 decurtatos
753 1576 800 1603 ex
838 1563 974 1603 codiee
1006 1563 1187 1603 Parisino
1215 1565 1247 1601 Α
1288 1575 1365 1602 non
1397 1574 1484 1602 esse
1515 1561 1579 1600 de-

88 1634 251 1672 rivatos.
310 1634 432 1672 Recte
471 1633 592 1682 igitur
624 1634 840 1672 Kramerus
870 1632 1038 1678 iudicat,
1071 1644 1158 1671 cum
1191 1632 1282 1671 huic
1314 1630 1492 1670 codicum
1525 1628 1580 1668 sa·

88 1702 217 1741 miliae
249 1703 450 1752 propriam
485 1702 757 1740 auctoritatem
790 1700 951 1740 addicit.
1011 1700 1097 1739 IIoe
1128 1704 1281 1751 tamen,
1311 1712 1428 1751 quam
1462 1699 1578 1737 ratio-

88 1783 175 1809 nem
209 1770 368 1809 codices
399 1769 449 1809 illi
483 1770 583 1809 inter
605 1782 645 1808 sc
669 1769 851 1819 habeant,
882 1768 1109 1808 accuratius
1130 1781 1325 1820 quaerere
1346 1766 1580 1819 supersedit.

87 1839 164 1886 En,
201 1851 304 1889 quae
335 1838 385 1877 de
418 1839 490 1877 hac
523 1851 564 1877 re
603 1839 765 1889 exponit
801 1834 941 1888 (praes.
974 1850 1063 1888 pag.
1097 1836 1257 1883 LXIV):
1305 1836 1486 1887 „Reliqui
1517 1847 1578 1874 co·

84 1907 192 1946 dices
222 1906 442 1946 decurtati⁸
478 1926 532 1932 —-
564 1907 646 1945 scil.
673 1911 834 1958 praeter
863 1907 1059 1957 epitomen
1084 1906 1315 1945 Vaticanum
1348 1904 1580 1955 ceteroquin

84 1974 136 2014 ad
169 1974 270 2013 hanc
301 1974 469 2014 eandem
503 1974 685 2013 familiam
719 1978 962 2025 spectantem
994 1993 1048 1999 —
1084 1974 1204 2020 „loeis
1236 1973 1341 2012 haud
1363 1973 1499 2023 paucis
1529 1972 1583 2011 ita

86 2042 126 2081 in
158 2041 258 2082 duas
289 2047 422 2093 partes
453 2041 682 2091 discedunt,
721 2046 763 2080 ut
797 2043 934 2081 Veneti
972 2046 988 2081 1
1024 2046 1062 2081 ct
1093 2045 1116 2081 2
1155 2041 1195 2088 (i.
1228 2055 1260 2081 e.
1290 2044 1305 2079 Ι
1336 2046 1376 2080 et
1404 2041 1456 2086 m)
1493 2053 1580 2080 cum

86 2110 297 2150 Parisiensi
331 2113 354 2150 3
387 2105 442 2161 (s)
480 2110 713 2161 plerumque
746 2110 1000 2149 concinentes
1038 2123 1061 2149 a
1092 2109 1273 2149 Medieeo
1308 2113 1327 2150 1
1361 2108 1449 2158 (B),
1484 2121 1580 2160 qua-

85 2183 203 2218 tenus
240 2178 366 2230 prima
406 2191 523 2217 manu
565 2179 736 2229 scriptus
769 2183 848 2224 est,
891 2178 1146 2217 vehementer
1183 2178 1423 2230 discrepent.
1481 2178 1583 2217 Huic

86 2251 217 2287 autem
250 2248 375 2286 Paris.
398 2250 422 2287 2
454 2246 539 2297 (C),
578 2246 708 2297 quoad
742 2247 866 2297 prima
898 2259 1014 2286 manu
1046 2247 1220 2297 scriptus
1250 2249 1320 2297 est,
1357 2246 1583 2286 consentire

86 2315 208 2355 solet:
267 2316 568 2355 Ambrosianum
603 2318 625 2355 2
658 2315 710 2362 (υ)
748 2328 826 2354 non
864 2319 941 2353 tam
971 2311 1166 2366 jaecurato
1203 2315 1375 2364 excussi,
1413 2319 1456 2354 ut
1486 2315 1582 2355 certi

86 2383 182 2435 quid
215 2387 392 2424 statuere
423 2383 607 2429 audeam,
647 2383 716 2423 sed
750 2396 837 2422 eum
878 2395 1036 2434 quoque
1068 2383 1247 2423 Mediceo
1284 2382 1441 2423 affinem
1475 2387 1584 2434 puto.

90 2452 163 2492 llic
195 2451 367 2502 denique
398 2452 537 2502 codex,
568 2464 617 2491 ex
650 2465 729 2502 quo
760 2452 1037 2502 supplementa
1059 2451 1291 2491 Parisiensis
1316 2455 1334 2491 1
1359 2449 1428 2502 (Α)
1459 2452 1583 2503 petita

87 2524 200 2566 sunt,
239 2532 326 2559 eum
359 2520 512 2559 Veneto
544 2522 558 2558 l
599 2521 764 2559 maxime
796 2520 1029 2569 conspi1·at.“
1095 2520 1279 2571 Denique
1316 2532 1434 2560 unum
1467 2521 1583 2559 affert

91 2588 338 2638 exemplum,
381 2601 461 2639 quo
499 2587 658 2627 codices
696 2589 775 2626 lm
806 2600 826 2626 s
867 2601 890 2626 a
928 2587 1063 2626 codiee
1097 2588 1132 2625 ll
1171 2588 1334 2628 multum
1374 2587 1583 2627 dissentire

92 2655 277 2695 ostendit.
310 2675 363 2681 —
395 2656 504 2695 llaec
537 2661 579 2695 ut
610 2669 687 2695 uon
720 2659 906 2695 accurate
939 2659 1120 2706 tractata,
1149 2656 1203 2695 ita
1233 2668 1311 2695 non
1344 2660 1451 2696 reete
1484 2655 1582 2695 iudi-

91 2729 181 2764 cata
211 2728 320 2772 sunt3
358 2729 605 2775 quapropter
644 2737 734 2763 num
773 2725 875 2763 sorte
916 2725 1060 2764 certius
1097 2724 1148 2764 de
1177 2724 1234 2764 eis
1271 2723 1459 2764 iudicium
1497 2723 1582 2764 fleri

91 2792 229 2843 possit,
263 2803 366 2831 nune
397 2791 614 2831 videamus.

204 2861 335 2911 Atque
379 2859 428 2899 ad
461 2859 675 2899 hanc'rem
707 2859 911 2900 accedenti
951 2860 1043 2899 mihi
1076 2860 1246 2911 epitome
1280 2860 1470 2900 Vaticana
1500 2859 1584 2909 (E),
