1893 3204
914 649 1184 703 VITA.

416 817 543 854 Natus
574 827 658 853 sum
690 814 927 852 Robertus
960 811 1170 850 Karolus
1200 810 1459 850 Eduardus
1481 798 1734 870 Roelliga.
1755 810 1794 850 d.

306 885 395 923 VIII
428 884 515 922 Kal.
543 883 649 922 Sext.
679 896 712 920 a.
745 882 781 919 h.
805 894 832 919 s.
855 881 943 918 LIX
975 879 1120 918 Sulilac
1152 883 1266 930 patre
1298 879 1558 918 Constantino
1590 875 1794 929 Eduardo,

305 965 417 1002 quem
439 955 688 1001 praematura
711 952 833 987 morte
862 949 953 986 mihi
983 951 1161 998 ereptum
1192 947 1309 986 valde
1339 948 1470 998 lugeo,
1502 951 1625 987 matre
1648 947 1795 1006 Emilia.

304 1033 323 1058 e
345 1023 460 1069 gente
481 1019 687 1064 Niemann,
719 1029 833 1067 quam
863 1015 994 1054 adhuc
1017 1017 1268 1066 superstitem
1292 1027 1379 1054 esse
1407 1016 1544 1055 laetor.
1591 1015 1703 1055 Fidei
1722 1014 1794 1054 ad

304 1088 430 1125 dictus
461 1099 546 1125 sum
578 1085 843 1134 evangelicae.

414 1154 555 1193 Primis
592 1154 808 1192 litter-aium
847 1152 1052 1191 elementis
1089 1151 1126 1190 in
1166 1151 1281 1190 domo
1317 1152 1440 1201 patris
1476 1152 1650 1191 imbutus
1687 1164 1792 1209 anno

306 1223 469 1261 LXXIII
502 1221 711 1260 Halensem
745 1220 915 1258 scholam
955 1219 1032 1257 adii
1065 1219 1260 1266 Latinam,
1301 1219 1443 1258 deinde
1474 1220 1656 1269 sequenti
1689 1231 1793 1263 anno

304 1291 404 1329 inter
424 1290 605 1328 alumnos
627 1291 811 1338 receptus
833 1300 918 1326 sum
941 1287 1102 1326 scholae
1123 1287 1336 1326 Portensis.
1388 1287 1502 1326 Unde
1524 1299 1628 1326 anno
1649 1268 1795 1343 L'XXX

304 1358 537 1396 maturitatis
574 1357 794 1395 testimonio
834 1357 1069 1405 instructus,
1106 1359 1148 1394 ut
1185 1355 1428 1406 philologiae
1461 1356 1601 1394 studiis
1632 1350 1806 1415 operamv

303 1427 448 1476 darem,
478 1427 602 1476 primo
634 1425 804 1474 Lipsiam
838 1437 896 1462 me
928 1424 1087 1473 contuli,
1119 1424 1186 1462 ubi
1217 1427 1404 1474 quattuor
1425 1424 1630 1463 semestria
1660 1432 1794 1462 versa-

303 1498 366 1532 tus
403 1493 545 1531 scholis
586 1492 744 1531 interfui
781 1492 956 1530 virorum
996 1492 1350 1530 illustrissimorum
1388 1491 1559 1538 Arndt,
1591 1489 1792 1530 Bieder·

303 1573 454 1610 mann,
485 1559 718 1609 Brandes‚
745 1560 1001 1608 Brugman,
1030 1559 1303 1609 G-Ourtius,
1334 1559 1592 1605 Drobisch,
1619 1559 1794 1608 Lange,

303 1628 508 1678 Lipsius,
545 1626 816 1674 Overbeck‚
855 1627 1086 1673 Ribbeck,
1120 1626 1386 1678 Windisch,
1423 1625 1656 1666 Zarncke.
1715 1626 1793 1664 De-

305 1696 397 1734 inde
435 1708 520 1734 cum
553 1696 675 1734 Halas
714 1696 1074 1745 transmigrassem,
1115 1707 1186 1745 per
1217 1696 1393 1746 quinque
1424 1695 1629 1734 semestria
1657 1693 1791 1733 audivi

302 1777 364 1802 vv.
394 1764 457 1803 dd.
489 1764 854 1814 Dittenberger,
892 1765 1151 1810 Diimmlei,
1188 1764 1385 1814 Gering,
1416 1764 1582 1814 Haym,
1613 1762 1805 1814 Hillefr‘,

302 1832 429 1878 Keil,
460 1831 647 1878 Solium,
679 1832 870 1870 Zacher.

414 1899 619 1938 Seminarii
658 1899 886 1949 philologici
926 1911 997 1948 per
1027 1899 1103 1936 tria
1133 1898 1338 1937 semestria
1374 1898 1520 1937 sodalis
1551 1898 1609 1936 fui
1639 1897 1795 1936 ordina-

302 1969 663 2006 1·ius.Praete1ea
693 1967 947 2006 societatibus
968 1968 1050 2006 suis
1084 1971 1126 2005 ut
1146 1967 1375 2006 interessem
1409 1967 1582 2015 benigne
1604 1965 1793 2025 pe1·mise-·
1844 2011 1852 2017 ,

302 2038 393 2072 runt
424 2034 616 2085 Gering,
649 2035 1039 2084 Hiller,Zache1·.
1771 2038 1777 2047 “

414 2103 564 2150 Quibus
606 2103 699 2141 viris
741 2115 827 2141 cum
869 2103 1048 2141 omnibus
1088 2106 1169 2140 tum
1214 2101 1441 2140 Edualdo
1483 2102 1674 2140 Hillero
1719 2113 1793 2154 pro

305 2170 461 2207 summis
494 2171 530 2208 in
564 2184 623 2207 mc
655 2171 803 2208 meritis
839 2171 1005 2220 gratiam
1043 2183 1198 2220 semper
1231 2170 1381 2208 habebo
1419 2183 1536 2220 quam
1570 2170 1793 2208 maximam.
