1893 3204
1552 212 1579 252 9

93 336 204 392 (pest
239 335 358 391 τῆς),
393 339 487 382 313,
521 340 559 378 1:
598 339 691 385 317,
718 340 772 376 20
808 334 916 386 (post
957 329 1162 383 Φεραίων
1190 324 1308 380 mii).
1369 331 1411 369 Ei
1449 335 1579 368 autem

95 406 190 454 loci,
230 406 373 459 quibus
409 404 566 444 codices
605 404 832 443 decurtatos
866 414 916 442 ex
954 401 1090 440 codice
1123 404 1153 440 A
1198 398 1375 453 pendere
1412 398 1580 436 fortasse

94 474 220 516 conisi
240 478 382 527 potent,
410 479 502 512 suut
532 473 568 511 hi
590 473 683 511 ⁸011:
716 475 809 521 2²89,
831 474 856 511 s
886 472 992 521 (pest
1024 461 1199 520 ἠμννύῃ
1230 469 1387 519 318,2;
1418 468 1582 511 321.10

93 544 203 596 (post
228 534 454 596 μενεπτό),
484 542 628 592 quibus
660 545 828 580 tortasse
859 539 975 579 etism
1007 538 1169 586 adiungi
1202 541 1389 588 possunt:
1420 536 1516 585 282,
1536 536 1582 582 ὃς

95 614 191 663 808,
212 613 285 662 14;
315 612 410 659 308,
436 614 480 649 11
516 614 622 660 (pest
647 599 904 660 Εὐρυπύλῳ
925 602 1029 658 καὶ).
1079 605 1156 645 Sed
1180 606 1345 656 primum
1367 601 1582 643 tenendum

94 683 174 727 cst,
219 678 281 719 his
321 679 501 717 omnibus
543 691 612 717 sex
655 677 751 716 locis
793 687 865 716 nos
906 687 992 714 enm
1037 674 1266 713 incunarum
1309 670 1582 712 condicionum

95 747 264 798 habero,
293 758 395 798 quse
428 759 532 785 nunc
563 747 611 784 sit
640 742 698 795 (in
731 744 865 783 codice
888 742 957 788 A),
999 754 1076 781 non
1108 753 1210 793 quse
1243 741 1376 791 priore
1405 744 1584 789 tempore

94 814 225 856 fuerit.
285 814 437 854 Deinde
470 827 564 853 vero
596 814 745 852 etiamsi
783 813 850 851 illo
881 817 1057 862 tempore
1089 809 1195 849 idem
1237 807 1344 860 qued
1377 818 1483 846 nunc
1512 805 1587 845 fuit

95 884 247 924 initium
280 883 508 922 lacunarum
542 881 690 920 codicis
713 884 755 929 Α,
786 886 916 920 tamen
949 880 988 918 in
1020 884 1096 917 tam
1119 878 1269 928 ingenti
1301 876 1476 915 iocorum
1497 886 1585 925 per-

95 951 266 992 ditorum
306 962 470 990 numero
510 951 574 988 vix
612 951 818 1000 quisquam
859 947 1078 994 mirabitur,
1117 945 1223 997 quod
1260 943 1457 984 interdum
1496 954 1587 981 con·

97 1032 237 1060 sensus
274 1019 475 1059 invenitur
512 1030 597 1056 cum
635 1017 815 1056 codicum
848 1016 1144 1055 decertaturum
1175 1012 1440 1061 detrimentis,
1475 1022 1585 1062 prae-

32 1074 38 1081 ·
97 1088 230 1128 sertim
270 1099 359 1126 cum
401 1097 479 1125 une
521 1084 792 1126 tantummodo
836 1085 921 1123 loce
964 1083 1073 1123 initis
1114 1083 1348 1122 lacunarum
1389 1090 1587 1131 prorsus

96 1156 346 1196 conveniant.

212 1224 322 1263 llaec
354 1223 485 1262 omnis
516 1223 546 1260 si
575 1221 665 1273 quis
687 1225 871 1260 accurate
893 1233 1025 1259 secum
1049 1218 1307 1270 reputaverit,
1338 1221 1445 1256 certe
1467 1228 1586 1266 agno-

98 1298 197 1343 scet,
235 1293 273 1331 in
305 1291 481 1331 codicum
514 1291 810 1329 decurtatorum
844 1288 1089 1328 detrimentis
1121 1287 1265 1327 nullam
1295 1298 1384 1325 esse
1416 1296 1590 1334 causam,

99 1373 171 1400 cur
201 1360 359 1400 codices
393 1360 480 1399 ilios
512 1372 560 1398 ex
594 1359 770 1398 Parisino
794 1362 823 1396 A
857 1358 1057 1396 derivatos
1088 1368 1174 1396 esse
1205 1355 1434 1394 conicistur.

211 1440 289 1480 Sed
321 1440 401 1478 siis
431 1439 495 1478 vis
525 1439 638 1478 etism
662 1438 735 1477 hec
767 1442 896 1489 petest
917 1436 1193 1486 demonstrari,
1223 1434 1349 1474 codic‹
1367 1446 1381 1470 ι
1407 1432 1589 1472 decurta-

99 1514 160 1548 tos
191 1521 239 1548 ex
273 1508 452 1547 Parisino
475 1510 505 1546 A
537 1509 695 1547 omnine
727 1507 927 1546 derivatos
958 1518 1045 1545 esse
1078 1517 1155 1545 non
1188 1516 1318 1556 posse.

214 1589 259 1628 ln
303 1589 484 1628 Eustathi
525 1591 626 1628 enim
669 1588 716 1627 ad
759 1588 970 1627 llemerum
1015 1585 1296 1625 commentario
1336 1583 1592 1623 inveniuntur

102 1658 286 1709 permulti
315 1658 388 1696 loci
411 1657 674 1707 Strsbonhui,
704 1657 867 1695 maxime
889 1668 936 1694 ex
959 1655 1066 1694 libris
1090 1654 1179 1693 v111
1212 1659 1250 1693 et
1271 1653 1326 1693 lx
1357 1651 1594 1702 deprompti,

100 1738 201 1777 quos
233 1738 320 1764 cum
353 1726 560 1775 scripturis
591 1724 771 1763 codicum
811 1723 1107 1762 decertaturum
1140 1722 1348 1761 concinere
1376 1717 1460 1769 {iam
1493 1719 1593 1758 Kra-

102 1806 234 1833 merus
270 1794 484 1845 perspexit.
504 1792 532 1839 ¹)
592 1792 630 1832 Si
663 1793 750 1843 quis
783 1792 902 1842 igitur
933 1792 1158 1841 suspicetur
1188 1789 1344 1829 codices
1366 1788 1594 1828 decurtatos

101 1875 149 1902 ex
181 1861 318 1901 codice
348 1865 379 1900 Α
410 1874 496 1900 esse
527 1860 742 1906 derivatos,
781 1860 873 1899 huic
911 1859 1163 1898 statuendum
1202 1857 1379 1907 videtur,
1417 1862 1486 1896 aut
1517 1857 1592 1895 Eu·

102 1930 220 1971 stathi
252 1930 473 1981 exemplum
507 1929 811 1968 Strabonisnum
851 1927 1020 1966 indidem
1054 1927 1243 1976 originem
1278 1926 1480 1975 habuisse,
1515 1930 1595 1974 aut,

102 2011 190 2038 cum
230 1999 304 2038 hoc
342 1999 403 2038 vel
441 2004 606 2049 propter
637 2002 803 2037 aetatem
843 1996 989 2035 codicis
1019 1998 1049 2034 Α
1097 1996 1179 2034 fieri
1218 2008 1294 2033 non
1337 1994 1477 2045 possit,
1518 1993 1594 2032 Eu·

101 2067 221 2107 stathi
260 2068 581 2106 commentarium
622 2067 670 2105 ab
703 2079 767 2110 ce,
804 2066 871 2116 qui
910 2064 1169 2115 archetypum
1203 2059 1384 2103 codicum
1416 2062 1593 2101 decurta-

102 2141 230 2175 torum
263 2148 311 2174 cx
343 2135 478 2174 codice
502 2138 533 2173 A
564 2135 786 2173 derivatum
819 2132 1105 2172 restituendum
1129 2132 1380 2183 suscepisset,
1410 2129 1460 2169 ad
1488 2130 1595 2169 lacu-

106 2216 187 2253 uss,
208 2215 308 2254 quas
325 2202 402 2242 illic
419 2204 667 2253 repperisset.
692 2201 963 2241 resarciendas
982 2213 1066 2238 esse
1088 2195 1319 2238 adhibitum.
1359 2199 1411 2237 At
1427 2198 1594 2249 primum

107 2282 178 2321 per
201 2282 243 2309 sc
267 2271 332 2309 vix
355 2270 519 2320 cogitari
542 2275 681 2320 potest,
713 2282 760 2307 ex
783 2268 1060 2307 diversissimis
1083 2267 1263 2306 Eustatbi
1287 2266 1382 2306 locis
1403 2278 1462 2316 es,
1491 2277 1595 2316 quae

105 2338 313 2378 Strabonis
343 2343 486 2384 essent,
518 2351 605 2377 cum
639 2338 788 2387 ingenti
812 2337 945 2375 labore
978 2348 1063 2375 esse
1092 2335 1324 2385 conquisita.
1383 2334 1597 2373 Praeterea

107 2411 239 2445 autem
280 2407 342 2446 ilic
375 2413 592 2446 concentus
625 2405 806 2445 Eustathi
845 2410 882 2443 et
914 2404 1092 2443 codicum
1125 2403 1436 2449 decurtatorum,
1477 2415 1500 2441 a
1531 2414 1597 2441 ce-

106 2473 207 2513 dicis
231 2477 262 2513 A
294 2474 528 2514 lectionibus
562 2474 770 2522 recedens,
812 2475 927 2512 etiam
961 2474 998 2512 in
1031 2473 1087 2511 eis
1118 2471 1295 2523 partibus
1325 2482 1509 2510 versuum
1542 2471 1595 2509 in-

106 2543 283 2588 venitur,
322 2555 425 2595 quse
462 2556 627 2594 prorsus
665 2544 840 2591 integrae
879 2543 916 2580 in
949 2544 978 2579 A
1016 2546 1195 2579 servatae
1228 2544 1332 2580 sunt.
1389 2539 1511 2579 Cuius
1543 2540 1597 2578 rei

107 2611 289 2662 exempla
320 2618 429 2650 sunt:
469 2612 502 2650 11
533 2614 625 2656 ⁴245,
654 2615 721 2661 11,
756 2611 819 2649 ubi
853 2611 890 2648 iu
923 2609 1008 2648 ced.
1032 2609 1066 2646 ΙΙ
1096 2613 1134 2648 et
1166 2609 1276 2647 Eust.
1305 2608 1354 2647 sd
1386 2608 1430 2647 ΙΙ.
1454 2607 1488 2645 B
1515 2610 1596 2647 503

107 2678 251 2728 legitur
282 2674 552 2728 διαχέαντος,
584 2679 620 2716 iu
648 2681 677 2715 ‚1
709 2673 974 2727 ὁιαχεόιτυς,
1006 2681 1045 2716 et
1075 2676 1194 2727 panio
1223 2679 1313 2726 post
1343 2675 1408 2714 lin.
1435 2677 1596 2715 13-16

108 2745 266 2785 codices
287 2744 481 2785 decurtati
506 2757 591 2784 cum
617 2745 723 2784 Eust.
745 2745 1038 2784 consentientes
1070 2744 1167 2783 haec
1189 2743 1402 2794 praebent:
1438 2731 1512 2792 ἀφ’
1534 2729 1599 2780 ὧν

226 2867 252 2901 ¹)
287 2862 344 2900 Ct‘.
370 2864 534 2900 Knmeri
562 2862 675 2909 praes.
702 2863 785 2899 mx
811 2869 848 2899 et
873 2861 1078 2898 LXXXIX.
