1893 3204
280 227 330 266 14

277 343 315 378 et
355 351 432 377 una
471 337 727 382 inveniuntur
767 334 945 372 lacunae.
1012 330 1218 370 Accedunt
1258 343 1351 370 vero
1394 331 1442 369 ad
1483 330 1556 369 has
1595 329 1759 369 lacunas

276 408 386 456 signa
416 426 470 431 —-
500 406 689 454 punctum
722 406 789 440 aut
821 401 935 440 colon
966 420 1021 426 —-
1051 399 1210 448 saepius
1245 399 1299 437 eis
1330 399 1425 437 locis
1464 399 1531 437 ubi
1562 397 1758 448 quaedam

277 475 420 513 desunt
460 473 584 522 prima
616 483 731 508 manu
764 470 801 506 in
834 469 1008 518 margine
1040 467 1188 516 posita;
1231 467 1291 504 his
1331 467 1451 517 igitur
1491 465 1759 505 adnumeratis

276 544 314 582 in
348 542 444 580 libro
467 541 557 578 VIII
590 539 730 588 vicies,
766 538 804 575 in
838 536 935 575 libro
968 536 1020 574 IX
1059 535 1178 573 semel
1209 537 1248 572 et
1278 536 1542 585 quinquagies
1573 535 1760 574 orationis

276 611 453 649 defectus
485 607 650 646 diversis
683 606 804 655 signis
836 605 1069 643 indicantur.
1129 603 1238 641 Haec
1268 606 1398 642 autem
1430 604 1560 654 signa,
1596 603 1759 642 lacunas

276 683 314 718 ct
345 680 499 727 puncta,
532 688 579 714 ne
611 675 714 713 forte
747 674 886 712 credas
919 673 1005 710 istic
1037 671 1307 710 tantummodo
1339 672 1507 711 inveniri
1538 672 1602 711 ubi
1634 673 1760 711 oratio

277 747 542 795 abrumpatur,
574 744 630 782 eis
662 754 821 793 quoque
843 742 937 780 locis
962 743 1126 786 exstant,
1160 752 1259 789 quos
1287 740 1467 778 consulto
1490 742 1652 780 omissos
1674 753 1760 780 esse

276 814 458 853 facillime
480 812 727 857 indicaveris,
758 811 866 848 velut
888 810 924 847 II
949 812 1039 857 114,
1063 811 1130 858 103
1166 811 1258 859 162,
1282 811 1352 858 173
1386 811 1477 859 177,
1498 811 1572 860 22;
1604 811 1697 860 282,
1717 811 1759 860 83

276 886 366 929 283,
391 884 460 927 14;
493 883 585 930 285,
608 884 652 929 13
684 882 776 928 303,
800 882 869 923 13;
902 880 995 926 306,
1018 876 1057 925 7;
1092 879 1185 927 307,
1207 880 1243 916 2.
1265 898 1318 901 ——
1341 877 1449 915 Haec
1479 877 1599 926 igitur
1629 877 1760 916 omnia

274 953 385 1002 signa
415 962 493 988 non
523 962 545 987 a
576 948 795 987 breviatore
827 945 996 996 quodam
1036 946 1163 995 posita
1195 957 1280 984 esse
1317 957 1389 995 per
1425 957 1466 983 se
1504 947 1624 995 patet.
1683 944 1760 984 Sed

275 1019 323 1057 de
353 1019 427 1056 hac
458 1029 498 1055 re
530 1017 560 1054 si
592 1016 681 1065 quis
713 1015 937 1052 etiamnunc
965 1013 1118 1052 dubitet
1149 1013 1333 1062 dicatque
1364 1012 1624 1052 breviatorem
1655 1013 1762 1052 lacu-

276 1099 346 1125 nas
376 1088 589 1136 propt'erea
620 1083 839 1132 reliquisse,
871 1085 913 1120 ut
943 1081 1091 1132 aliquid
1125 1081 1306 1120 omissum
1330 1093 1416 1120 csse
1447 1081 1577 1131 quivis
1606 1081 1763 1120 intelle-

275 1158 396 1203 geret,
429 1153 503 1191 hoc
535 1152 618 1190 sine
649 1151 767 1189 dubio
801 1149 1010 1200 concedet,
1041 1150 1097 1187 eis
1129 1149 1224 1188 locis
1256 1149 1321 1187 ubi
1351 1151 1458 1187 totae
1489 1149 1602 1187 etiam
1634 1149 1763 1187 lineae

278 1233 427 1260 vacuae
449 1220 610 1259 relictae
632 1222 734 1267 sunt,
766 1217 961 1256 defectum
993 1218 1164 1267 aliquem
1191 1217 1228 1254 in
1252 1217 1470 1266 archetypo
1492 1215 1624 1266 fuisse,
1654 1217 1764 1254 velut

279 1292 372 1339 125,
392 1291 429 1338 4,
459 1288 523 1326 ubi
554 1290 636 1326 tota
658 1287 740 1325 fere
763 1286 908 1336 pagina
939 1287 975 1324 in
999 1285 1034 1322 B
1066 1297 1190 1323 vacua
1212 1286 1354 1324 relicta
1375 1288 1454 1333 est;
1486 1287 1577 1331 154,
1602 1287 1665 1334 14,
1697 1284 1764 1323 ubi

275 1362 355 1397 tres
385 1357 511 1395 lineae
543 1366 691 1393 vacuae
724 1357 841 1403 sunt3
875 1355 1054 1404 178,14,
1084 1353 1149 1391 ubi
1180 1366 1259 1391 una
1289 1353 1401 1391 linea.

387 1424 458 1464 His
487 1425 540 1462 ita
571 1423 757 1473 expositis
789 1421 948 1460 dubium
982 1433 1070 1460 esse
1102 1434 1179 1460 non
1213 1424 1358 1470 potest,
1397 1421 1491 1471 quin
1521 1420 1764 1471 archetypus

277 1494 453 1533 codicum
485 1492 777 1531 decurtatorum
809 1493 943 1530 extero
976 1490 1145 1540 quodam
1175 1489 1412 1529 detrimento
1445 1490 1611 1529 affectus
1633 1489 1763 1528 fuerit.

277 1563 362 1601 Hoc
393 1561 667 1600 detrimentum
699 1561 806 1598 certe
837 1558 886 1596 ad
919 1570 985 1596 eos
1017 1558 1125 1597 locos
1156 1557 1378 1608 pertinere,
1412 1557 1477 1596 ubi
1510 1556 1670 1596 lacunis
1699 1556 1764 1595 vel

278 1629 391 1667 etiam
423 1628 577 1678 punctis
608 1627 647 1665 in
680 1627 855 1675 margine
877 1626 1014 1676 positis
1046 1625 1196 1676 aliquid
1229 1624 1415 1664 omissum
1437 1636 1523 1663 esse
1554 1624 1763 1670 indicatur,

277 1709 347 1746 pro
380 1699 488 1735 certo
520 1695 705 1734 affirmari
735 1695 836 1733 licet.
896 1694 971 1733 Sed
1004 1707 1092 1733 cum
1124 1693 1179 1732 illi
1211 1692 1286 1732 loci
1318 1696 1357 1732 et
1385 1695 1536 1732 tantum
1559 1704 1764 1731 numerum

278 1764 488 1804 conficiant
518 1767 555 1802 et
586 1764 759 1802 iacturae
782 1775 916 1802 eorum
939 1762 1113 1801 eiusdem
1137 1764 1302 1800 naturae
1335 1761 1413 1800 sint
1442 1763 1564 1811 atque
1592 1760 1764 1810 reliquo-

278 1845 374 1883 rum,
405 1844 539 1871 errare
571 1831 662 1869 mihi
694 1844 773 1870 non
804 1830 960 1876 videor,
999 1843 1086 1868 cum
1118 1830 1247 1868 omnia
1278 1829 1362 1868 fere
1393 1828 1629 1867 detrimenta
1660 1827 1765 1867 codi-

280 1913 366 1939 cum
399 1900 693 1939 decurtatorum
726 1912 773 1938 ex
805 1899 952 1938 codicis
973 1898 1180 1948 archetypi
1210 1898 1350 1936 misere
1371 1896 1501 1935 affecti
1533 1895 1766 1935 condicione

280 1969 472 2018 originem
505 1968 664 2007 duxisse
695 1968 887 2017 suspicor.
946 1967 1032 2005 Hoc
1063 1966 1284 2005 accuratius
1305 1965 1473 2004 fortasse
1495 1964 1766 2004 demonstrare

280 2038 489 2087 potuimus,
519 2037 550 2075 si
580 2037 746 2075 lacunae
779 2048 881 2085 quae
913 2036 951 2073 in
985 2035 1125 2073 ceteris
1157 2034 1266 2072 codd.
1299 2033 1406 2072 decc.
1438 2035 1611 2082 exstant,
1643 2033 1767 2082 magis

280 2104 552 2143 innotuissent.
611 2103 688 2143 Sed
728 2104 767 2142 in
804 2103 859 2141 eis
896 2102 1094 2141 interdum
1134 2102 1299 2140 lacunas
1333 2101 1519 2147 inveniri,
1562 2100 1628 2138 ubi
1663 2100 1703 2138 in
1730 2099 1768 2137 B

281 2185 358 2211 non
390 2172 656 2221 inveniuntur,
694 2170 1011 2210 concludendum
1043 2169 1200 2209 videtur
1231 2182 1278 2208 ex
1309 2182 1355 2208 eo
1393 2168 1500 2219 quod
1530 2168 1567 2207 11
1599 2170 1765 2215 216,12

282 2241 320 2278 in
342 2240 379 2278 E
395 2242 410 2278 Z
441 2240 602 2278 lacunas
634 2241 790 2278 exstare
821 2239 906 2289 ipse
936 2239 1155 2277 Kramerus
1185 2238 1294 2276 testis
1324 2239 1394 2276 est.
1454 2235 1569 2284 Quod
1599 2236 1767 2274 lacunae

281 2319 359 2346 non
391 2319 544 2356 semper
576 2313 757 2346 servatae
779 2309 882 2357 sunt,
913 2306 987 2346 hoc
1019 2306 1156 2344 mirum
1179 2305 1304 2343 videri
1333 2317 1411 2343 non
1434 2304 1594 2354 poterit,
1623 2303 1655 2342 si
1676 2315 1766 2350 con-

283 2374 601 2425 sideraverimus,
633 2388 679 2414 ex
711 2375 845 2414 codice
870 2374 1105 2425 archetypo,
1136 2385 1251 2424 quem
1283 2373 1378 2411 satis
1409 2371 1614 2422 antiquum
1645 2371 1767 2410 fuisse

283 2443 464 2482 Eustathi
495 2444 715 2493 exemplum
746 2446 929 2492 testatur,
959 2455 1030 2492 per
1050 2443 1208 2492 longam
1239 2441 1409 2480 fortasse
1441 2440 1581 2479 seriem
1612 2442 1768 2479 nostros

284 2510 440 2550 codices
471 2523 554 2550 esse
577 2511 776 2550 derivatos
809 2514 846 2550 et
877 2511 1065 2561 paulatim
1086 2522 1110 2548 a
1130 2508 1300 2548 librariis
1330 2509 1492 2547 lacunas
1513 2510 1623 2547 tanto
1645 2519 1768 2558 opere

284 2590 369 2618 esse
400 2578 622 2629 diminutas,
652 2582 694 2617 ut
724 2580 870 2618 multae
902 2591 1066 2629 prorsus
1097 2580 1394 2616 evanescerent.

396 2646 470 2686 Sed
502 2647 704 2686 mirabitur
735 2647 901 2687 fortasse
939 2647 1150 2697 quispiam,
1189 2646 1295 2696 quod
1327 2646 1376 2684 (16
1407 2645 1505 2684 locis
1537 2645 1576 2683 in
1608 2643 1768 2682 brevius

286 2715 494 2753 contractis
525 2714 698 2753 nondum
730 2716 851 2754 verba
874 2715 1046 2754 fecerim.
1105 2714 1238 2752 Facile
1261 2714 1363 2753 enim
1396 2715 1454 2751 est
1474 2711 1667 2762 suspicari
1700 2722 1768 2749 eos

287 2782 466 2821 consulto
497 2783 536 2820 in
568 2782 668 2821 hanc
689 2782 852 2821 formam
875 2795 961 2821 esse
982 2782 1175 2821 redactos.
1234 2781 1375 2831 Itaque
1405 2791 1511 2819 nunc
1542 2778 1769 2828 diligentius

288 2848 336 2886 de
368 2849 423 2886 eis
454 2850 722 2899 quaerendum
756 2855 824 2888 est.
