1893 3204
286 221 339 259 26

288 334 389 381 σιοι)
430 347 562 373 eorum
605 331 896 370 eonsentientes
937 328 1125 368 lectiones
1166 327 1240 365 iam
1281 327 1500 365 Kramerus
1542 326 1582 364 in
1620 327 1770 365 textum

286 403 468 442 restituit.
526 400 673 439 Eodem
695 400 778 437 iure
811 392 941 436 autem
973 396 1180 435 restituere
1202 395 1371 434 debebat
1402 395 1609 444 utriusque
1637 392 1771 432 lectio-

288 484 374 510 nem
407 472 445 508 ΙΙ
471 470 629 518 47,13,
661 467 725 506 ubi
758 467 950 505 articulus
980 463 1057 515 τῆς
1087 466 1178 502 ante
1206 454 1351 514 χώρας
1382 464 1422 502 in
1453 463 1598 503 nostris
1629 461 1772 501 codici-

287 539 359 578 bus
391 539 511 587 deest,
540 538 579 575 in
612 535 782 586 epitome
811 535 895 573 Pal.
927 546 1022 572 vero
1063 534 1100 570 et
1131 531 1238 581 apud
1269 532 1513 583 Stephanum
1544 543 1573 570 s.
1602 543 1640 569 v.
1666 523 1772 568 Δάλ-

285 619 388 658 ⁸mov
419 607 574 656 legitur,
605 608 644 643 et
674 607 798 652 recte,
835 604 985 653 opinor.
1045 602 1131 640 Hoc
1163 600 1250 639 loco
1281 601 1313 639 si
1343 601 1447 640 forte
1478 600 1567 651 quis
1599 600 1774 646 miretur,

288 674 391 725 quod
430 673 678 719 Eustathius,
724 672 790 721 qni
832 671 1079 710 decurtatum
1124 667 1322 718 quendam
1363 668 1535 707 codicem
1577 666 1774 720 habuerit,

288 743 448 781 candem
473 742 576 779 illam
608 740 796 791 praebeat
817 739 1025 777 lectionem
1060 736 1125 783 (ad
1159 737 1274 775 Dion.
1303 734 1385 786 95),
1415 736 1513 775 scito
1544 748 1633 775 eum
1663 735 1776 784 haee,

288 814 330 849 nt
360 811 495 859 multa,
526 821 574 847 ex
606 808 806 858 Stephano
838 806 1032 852 hausisse,
1069 804 1175 855 quod
1209 817 1257 843 ex
1290 805 1362 852 eis,
1394 815 1497 853 quae
1528 802 1695 842 subinde
1725 802 1776 842 de

293 878 425 929 oppidi
459 882 497 916 et
519 877 735 916 incolarum
760 875 925 913 diversis
946 873 1169 912 nominibus
1196 874 1322 923 affert,
1352 873 1471 923 plane
1492 864 1776 923 perspicitur.¹)

399 956 552 996 Deinde
583 969 631 995 ex
655 955 789 994 codice
813 954 951 992 litteris
973 953 1197 992 uncialibus
1227 956 1319 991 ante
1341 948 1543 990 saeculum
1565 950 1637 990 VII
1657 970 1714 976 —
1734 951 1778 988 ut

288 1026 414 1064 editor
453 1025 636 1074 opinatur
666 1044 721 1050 ——
756 1023 902 1072 scripto
944 1026 1102 1060 servata
1137 1025 1230 1059 sunt
1269 1020 1543 1071 fragmenta
1584 1017 1777 1058 Grotta-

287 1094 305 1132 f
312 1098 505 1133 erraten
518 1093 601 1141 sia,
633 1104 735 1142 quae
767 1090 1025 1140 Cozza·Luzi,
1056 1093 1265 1140 postquam
1297 1088 1513 1140 specimina
1534 1100 1668 1126 eorum
1700 1087 1776 1125 iam

288 1176 391 1201 anno
417 1164 522 1201 1875
555 1160 686 1209 edidit,
719 1172 845 1209 nuper
876 1158 1038 1206 (Romae
1062 1156 1188 1205 1884)
1219 1160 1302 1196 tota
1332 1156 1479 1208 publici
1510 1156 1608 1194 iuris
1636 1153 1777 1203 fenim)

289 1232 398 1278 Quae
438 1242 523 1268 cum
560 1229 609 1267 ad
642 1229 761 1266 libros
792 1228 900 1277 VIII,
931 1228 995 1273 IX,
1027 1228 1073 1277 X,
1103 1227 1214 1264 XVII
1250 1228 1448 1276 spectent,
1483 1223 1599 1263 nobis
1630 1225 1671 1263 et
1699 1223 1777 1274 pri-

292 1311 405 1344 mum,
437 1296 540 1347 quod
573 1297 764 1345 incipiens
795 1309 817 1334 a
849 1295 969 1334 verbo
1000 1287 1244 1339 πλεονάκις
1275 1288 1330 1344 (ΙΙ
1361 1295 1451 1339 154,
1475 1290 1515 1339 8)
1547 1291 1680 1342 pergit
1712 1301 1778 1328 us-

292 1379 367 1417 que
390 1366 439 1403 ad
461 1366 583 1403 verba
614 1354 785 1402 στάδιοι
817 1353 854 1401 ὁ)
877 1359 936 1409 εἷς
967 1359 1080 1413 (158,
1103 1360 1156 1411 8),
1188 1366 1227 1400 et
1249 1363 1418 1400 alterum
1440 1360 1530 1399 libri
1547 1360 1602 1398 IX
1623 1358 1779 1397 initium

292 1446 417 1484 nsque
438 1433 485 1471 ad
509 1433 630 1471 verba
651 1429 844 1482 Λοκρῶν
865 1422 975 1469 ὥστε
1001 1433 1110 1479 (211,
1135 1429 1201 1477 14)
1230 1429 1498 1479 complectens
1529 1425 1780 1478 respicienda

291 1505 392 1540 sunt.
454 1502 496 1538 In
534 1500 672 1550 quibus
710 1500 875 1549 primum
914 1498 1072 1548 quidem
1114 1500 1295 1548 apparet,
1338 1496 1481 1546 partim
1521 1494 1598 1534 iam
1641 1493 1776 1533 eadem

292 1569 431 1607 menda
463 1569 640 1615 inveniri,
672 1580 775 1618 quae
805 1568 842 1605 in
866 1567 1047 1605 omnibus
1075 1567 1221 1605 nostris
1244 1565 1449 1605 codicibus
1471 1565 1640 1614 exstant,
1671 1562 1780 1601 velut

290 1639 325 1676 II
358 1640 447 1687 155,
477 1640 496 1675 1
537 1636 619 1684 (ubi
655 1641 746 1686 post
776 1631 1143 1685 Λακεδαιμονίοις
1181 1634 1372 1673 nonnulla
1410 1629 1705 1678 desiderantur)
1743 1632 1782 1669 et

291 1709 383 1755 211,
407 1704 501 1751 143)
534 1704 615 1752 (ubi
649 1705 813 1742 offensio
847 1708 906 1743 est
936 1705 974 1742 in
998 1704 1128 1741 verbis
1161 1692 1273 1740 ὥστε
1302 1694 1385 1739 τὸν
1415 1712 1453 1739 κ.
1473 1711 1509 1738 τ.
1532 1697 1607 1750 λ.);
1636 1699 1779 1750 partim

290 1786 383 1812 vero
417 1773 545 1822 etiam,
576 1773 639 1811 vel
671 1773 802 1822 potius
835 1772 1076 1822 saepissime,
1108 1783 1166 1820 ea,
1197 1782 1299 1819 quae
1330 1771 1369 1808 in
1402 1768 1548 1807 nostris
1579 1766 1782 1807 codicibus

291 1853 385 1879 sana
416 1844 525 1890 sunt,
569 1845 757 1890 corrupta
789 1852 893 1890 esse,
931 1840 1040 1877 velut
1071 1840 1108 1876 11
1143 1841 1232 1884 154,
1264 1839 1315 1876 10
1352 1831 1416 1884 (ἐν
1447 1839 1542 1882 τοῖς
1571 1827 1782 1886 ποιήμασι

291 1898 441 1946 αὐτῶν
461 1902 606 1957 azaz-Rc),
638 1911 729 1958 154,
749 1912 798 1947 13
821 1897 1168 1957 (Όρχομευωι’4);
1201 1908 1293 1955 157,
1309 1908 1332 1944 3
1356 1897 1780 1955 (τετρακισχιλίους);

295 1980 383 2023 157,
408 1980 429 2015 6
463 1969 776 2027 (πρόκειι’ται);
818 1978 910 2025 157,
938 1978 986 2013 11
1021 1966 1186 2024 (ἄκρα),
1227 1976 1320 2023 211,
1346 1974 1372 2012 8
1407 1961 1783 2022 (Πελοπόννησον

294 2042 475 2095 πρῶτον
499 2038 701 2095 ἔφαμεν»
725 2046 854 2093 211,9
878 2040 1260 2092 (συντεθεισῶν-
1278 2033 1601 2092 κερρονήσων);
1624 2042 1779 2085 211,11

412 2176 438 2219 1)
464 2175 680 2210 Eustathius
705 2175 791 2209 mihi
818 2179 934 2209 totum
959 2174 1056 2209 hune
1082 2175 1200 2208 locum
1225 2173 1312 2207 inde
1338 2182 1358 2206 a
1374 2171 1498 2207 verbis
1524 2168 1621 2217 φασὶ
1637 2168 1676 2206 δὲ
1696 2166 1784 2211 τοὺς

290 2228 513 2275 Δαλματέας
551 2242 667 2276 usque
705 2233 750 2266 ad
788 2227 808 2277 ἢ
843 2228 1028 2275 Δὲλμινον
1068 2241 1113 2265 ex
1150 2230 1338 2274 Stephano
1375 2229 1525 2264 videtur
1566 2227 1784 2272 sumpsisse.

288 2290 510 2332 Quamquam
544 2289 640 2322 enim
666 2289 780 2324 verba
811 2285 910 2324 κατά
935 2301 1019 2323 τινα
1045 2283 1272 2333 ἀναγραφήν
1304 2296 1423 2330 usque
1449 2285 1495 2320 ad
1527 2282 1722 2332 κιβδηλίην
1746 2283 1785 2318 in

290 2345 425 2379 nostris
451 2344 626 2389 Stephani
644 2346 746 2380 libris
771 2357 844 2380 non
870 2346 1054 2390 leguntur,
1081 2345 1143 2379 vix
1169 2349 1293 2389 potest
1317 2343 1482 2387 cogitari,
1509 2352 1551 2377 ea
1576 2342 1620 2376 ab
1647 2342 1778 2376 Eusta-

294 2400 370 2434 thio
396 2411 439 2435 ex
459 2400 634 2436 Strabone
659 2401 811 2445 laudari,
837 2412 919 2436 cum
945 2402 1059 2436 multo
1087 2401 1231 2445 longius
1257 2410 1365 2444 quam
1391 2399 1523 2434 ceteris
1550 2397 1641 2434 locis
1666 2397 1713 2432 ab
1739 2407 1784 2432 eo

288 2457 458 2501 laudatis,
484 2458 559 2492 fieri
586 2459 690 2501 solet,
717 2468 737 2492 a
753 2458 875 2493 verbis
893 2458 1084 2493 Strabonis
1110 2456 1244 2492 absint.
1293 2456 1407 2490 Immo
1425 2455 1661 2490 Ethnieorum
1687 2452 1782 2488 illud

294 2514 512 2558 exemplum,
538 2515 636 2558 quod
661 2514 878 2549 Eustathius
904 2514 1080 2559 habebat,
1106 2513 1274 2558 quamvis
1298 2513 1420 2557 ipsum
1445 2512 1515 2547 iam
1540 2511 1576 2546 in
1601 2510 1782 2556 epitomes

291 2568 440 2604 formam
467 2571 669 2615 redactum,
696 2576 816 2606 tamen
842 2572 949 2616 plura
975 2581 1081 2616 quam
1107 2574 1233 2606 nostra
1252 2569 1430 2615 Stephani
1447 2568 1607 2613 epitome
1632 2567 1782 2603 videtur

296 2625 517 2661 exhibuisse.

412 2683 440 2723 2)
468 2681 524 2716 Cf.
542 2682 701 2727 Hansen,
726 2683 856 2718 Philol.
882 2683 1072 2719 Rundsch.
1094 2686 1176 2719 1885
1196 2695 1231 2728 p.
1251 2687 1312 2718 517
1330 2693 1409 2727 sqq.
1442 2680 1605 2725 Partsch‚
1630 2679 1782 2714 Dtsehe.

294 2738 459 2782 Lit.-Ztg.
482 2742 563 2774 1885
583 2750 616 2783 p.
636 2743 711 2774 646.
744 2740 948 2784 Detlefsen,
967 2739 1435 2786 Berl.phil.Wocl1enschr.
1455 2741 1539 2773 1885
1556 2748 1592 2782 p.
1608 2739 1694 2772 1122
1704 2746 1784 2781 sqq.

405 2808 432 2848 3)
458 2807 513 2841 De
539 2807 605 2841 hoc
629 2807 709 2842 loco
735 2807 781 2842 cf.
808 2808 937 2852 Cobet,
964 2809 1064 2844 Misc.
1092 2810 1181 2846 Crit.
1210 2812 1294 2844 1876
1320 2819 1402 2853 pag.
1421 2811 1463 2843 96
1482 2817 1561 2851 sqq.

408 2865 434 2905 4)
460 2864 628 2898 Ceterum
655 2863 822 2899 hocloco
839 2860 1086 2910 Ὀρχομενίων
1111 2864 1269 2902 fortasse
1295 2865 1530 2901 scribendum
1548 2873 1630 2899 esse
1655 2865 1784 2898 censet

295 2917 414 2953 Cobet
439 2918 538 2954 Mise.
565 2920 650 2956 Crit.
680 2923 762 2956 1876
788 2930 872 2965 pag.
891 2925 943 2957 92.
