1893 3204
275 212 300 249 6

275 327 549 370 inveniuntur,
589 324 627 360 in
661 320 797 359 codice
828 321 864 357 B
894 320 1074 369 expletae
1106 321 1248 356 essent.
1308 319 1396 367 Qua
1428 331 1475 357 ex
1507 331 1550 357 re
1583 317 1757 358 efficere—

275 398 351 444 tur,
381 393 654 442 supplementa
684 387 831 426 codicis
853 388 889 425 B
919 385 1093 425 secunda
1116 398 1232 424 manu
1264 385 1398 424 addita
1427 399 1506 424 non
1539 399 1588 425 ex
1619 386 1758 425 codice

276 462 445 512 quodam
478 457 645 496 familiae
674 467 701 493 n
731 467 752 494 0
782 466 821 503 l),
853 455 923 493 sed
955 467 1002 492 ex
1024 454 1110 502 ipso
1133 453 1270 492 codice
1301 454 1479 493 Parisino
1502 456 1533 493 Α
1571 454 1635 492 vel
1665 466 1759 504 apo·

275 530 427 581 grapho
444 528 526 566 eius
543 525 775 575 deprompta
797 535 893 562 esse.
934 522 1009 561 Sed
1027 522 1101 560 hoc
1119 520 1260 560 falsum
1278 534 1365 561 esse
1383 535 1470 562 cum
1494 535 1543 562 ex
1559 522 1644 561 aliis
1660 522 1760 562 locis

275 602 366 644 tum,
390 599 431 635 ut
452 606 570 633 unum
592 592 814 642 exemplum
836 590 1022 639 adferam,
1044 602 1092 627 ex
1109 589 1175 636 eie,
1198 601 1301 639 quae
1316 591 1354 628 Π
1371 593 1466 642 30¹7,
1482 594 1505 631 2
1529 589 1638 647 (vide
1655 591 1756 629 Kra-

276 666 370 704 meri
400 658 690 707 adnotationes)
723 661 761 699 in
792 660 866 698 illis
889 658 1089 697 codicibus
1121 658 1320 707 leguntur,
1351 659 1661 698 luculentissime
1692 671 1758 709 ap-

275 737 407 784 paret3
438 732 681 781 quapropter
713 730 947 767 Kramerum
979 726 1027 764 dc
1059 725 1262 764 codicibus
1292 737 1319 764 η
1349 737 1370 765 0
1392 738 1426 775 p
1457 739 1622 778 prorsus
1653 729 1759 767 recte

275 800 510 840 iudicavisse
541 796 793 837 statuendum
822 798 890 834 est.

386 878 612 928 Segregatis
633 877 753 927 igitur
774 876 851 914 illis
873 874 1115 924 apographis
1137 875 1287 912 restant
1308 873 1466 912 codices
1489 873 1521 912 Α
1543 873 1578 912 Β
1602 874 1633 913 C
1648 875 1663 913 l
1684 885 1705 912 s
1724 885 1759 913 v.

275 949 383 997 Quos
414 949 467 986 ita
496 947 535 985 in
568 945 664 984 duas
695 943 860 982 familias
891 942 1023 981 divisit
1054 944 1285 990 Kramerus,
1316 946 1360 981 ut
1391 942 1504 981 alteri
1536 941 1661 981 solum
1693 954 1759 980 co-

278 1018 399 1055 dicem
422 1016 466 1066 A,
495 1014 607 1053 alteri
639 1016 792 1051 ceteros
815 1012 936 1050 libros
957 1011 994 1049 B
1019 1010 1049 1049 C
1074 1013 1089 1049 l
1118 1021 1137 1047 s
1167 1022 1188 1048 υ
1217 1031 1272 1036 -·
1304 1023 1404 1061 quos
1436 1010 1664 1050 decurtatos
1693 1023 1760 1050 no-

275 1086 396 1123 minat
426 1104 480 1109 ——
511 1082 750 1122 attribueret.
809 1079 925 1128 Quod
962 1092 1055 1119 num
1087 1084 1193 1119 recte
1233 1093 1255 1117 a
1284 1080 1370 1118 viro
1403 1079 1631 1119 doctissimo
1663 1078 1761 1119 iudi-

277 1156 404 1192 catum
437 1151 495 1198 sit,
527 1149 795 1201 quaerendum
828 1147 987 1187 videtur
1018 1159 1115 1187 esse.

386 1231 519 1281 Atque
550 1230 612 1268 Du
644 1228 838 1274 Theilius,
870 1228 937 1277 qui
969 1228 1120 1278 primus
1149 1227 1189 1265 in
1221 1227 1418 1266 versionis
1450 1226 1761 1277 francogallicae

274 1304 377 1340 tomo
400 1300 456 1338 111
489 1299 537 1337 de
568 1297 746 1337 codicum
779 1297 930 1335 ratione
963 1296 1163 1345 disseruit,
1192 1295 1455 1334 contenderat
1486 1308 1621 1335 omnes
1653 1295 1763 1335 eodi-

276 1382 340 1408 ces
369 1368 653 1409 Strabonianos
686 1378 734 1404 ex
765 1365 944 1404 Parisino
973 1370 1005 1402 A
1036 1364 1238 1403 derivatos
1269 1376 1374 1415 esse,
1411 1367 1450 1403 et
1486 1375 1762 1415 quaecumque

275 1440 312 1477 in
345 1438 452 1477 libris
482 1438 516 1487 I,
547 1437 656 1486 VIII,
691 1436 745 1474 IX
785 1447 865 1473 una
905 1446 991 1473 cum
1032 1434 1210 1483 margine
1248 1433 1502 1481 interiissent,
1543 1434 1583 1472 in
1620 1433 1763 1473 ceteris

275 1519 368 1546 vero
399 1507 637 1556 legerentur,
667 1517 715 1543 ex
746 1504 972 1543 coniectura
1003 1503 1065 1541 hic
1095 1502 1274 1552 profecta
1297 1514 1394 1541 esse.
1453 1502 1581 1551 Quam
1609 1502 1762 1553 opinio-

276 1587 363 1613 nem
393 1575 610 1612 Kramerus
641 1584 803 1623 prorsus
835 1572 890 1610 ita
910 1571 1066 1621 refellit,
1096 1574 1139 1609 ut
1161 1571 1307 1610 nemini
1330 1570 1492 1609 dubium
1515 1582 1602 1609 esse
1625 1571 1763 1621 possit,

275 1643 369 1693 quin
410 1642 566 1681 codices
607 1642 799 1680 decurtati
842 1653 890 1679 ex
933 1640 1070 1679 codice
1101 1641 1150 1686 Α,
1191 1652 1294 1690 quae
1333 1639 1494 1689 quidem
1530 1650 1637 1678 nunc
1676 1639 1763 1686 eius

275 1711 453 1751 condicio
486 1712 544 1757 sit,
576 1723 654 1749 non
685 1710 762 1748 sint
794 1709 971 1748 derivati.
1031 1709 1118 1747 Hoc
1138 1711 1269 1748 tamen
1302 1719 1498 1758 quaerere
1525 1706 1762 1758 supersedit,

275 1791 404 1818 nonne
435 1778 602 1818 fortasse
634 1790 679 1817 eo
710 1783 900 1828 tempore,
933 1789 1020 1815 cum
1053 1776 1179 1815 codex
1201 1778 1232 1815 Α
1269 1777 1308 1815 in
1341 1776 1463 1815 multo
1485 1775 1649 1814 meliore
1670 1788 1762 1815 con-

276 1849 428 1887 dicione
459 1849 689 1886 versaretur
721 1850 759 1885 et
789 1847 1011 1896 marginum
1034 1845 1271 1884 detrimenta
1302 1844 1466 1894 singulis
1488 1843 1760 1883 tantummodo

275 1918 369 1955 locis
400 1917 437 1954 in
467 1916 551 1965 ipsa
583 1915 785 1964 scriptoris
817 1914 939 1953 verba
975 1912 1284 1964 processissent,
1321 1912 1501 1951 codicum
1540 1911 1763 1951 decurtato—

275 1997 358 2023 rum
391 1985 630 2034 archetypus
661 1995 710 2022 ex
741 1995 786 2021 eo
818 1983 1022 2021 derivatus
1045 1977 1204 2027 essetl)
1263 1982 1314 2019 Et
1335 1979 1514 2031 profecto
1545 1980 1621 2019 hoc
1649 1980 1764 2019 facile

276 2052 467 2102 quispiam
490 2052 714 2090 coniecerit.
766 2051 861 2091 Cum
885 2051 986 2089 enim
1009 2051 1049 2089 in
1069 2050 1204 2088 libroI
1226 2049 1373 2088 codicis
1390 2049 1423 2087 Α
1447 2061 1573 2099 parva
1593 2051 1762 2088 tantum-

277 2121 402 2167 modo,
433 2121 471 2158 in
503 2121 608 2158 libris
636 2132 730 2158 vero
754 2120 845 2158 VIII
878 2123 916 2158 et
936 2119 989 2157 IX
1021 2119 1117 2158 satis
1148 2130 1292 2168 magna
1312 2129 1405 2167 pars
1432 2117 1623 2167 marginis
1645 2117 1761 2156 inter-

276 2189 380 2238 ierit,
420 2189 513 2238 quid
550 2189 790 2239 probabilius
826 2188 984 2227 videtur
1023 2199 1126 2236 esse,
1167 2199 1284 2237 quam
1329 2185 1485 2225 codices
1523 2185 1763 2233 decurtatos,

277 2258 343 2307 qui
374 2258 413 2295 in
444 2258 537 2296 solis
567 2257 675 2296 libr1s
708 2257 800 2295 VIII
831 2260 870 2295 et
900 2257 953 2295 IX
991 2256 1229 2296 detrimenta
1259 2255 1508 2306 acceperint,
1549 2256 1764 2305 propterea

393 2389 418 2428 ¹)
442 2387 522 2421 Huc
549 2387 654 2422 etiam
680 2387 864 2432 pertinere
880 2387 1057 2422 videntur
1082 2396 1134 2429 ea,
1160 2396 1255 2431 quae
1279 2385 1503 2431 Spengelius
1529 2385 1673 2421 Miinch.
1691 2385 1763 2430 gel.

276 2441 371 2478 Anz.
401 2446 496 2485 1848,
524 2447 585 2478 153
610 2444 648 2477 in
673 2444 888 2478 recensione
913 2443 1087 2478 editionis
1112 2443 1372 2478 Kramerianae
1396 2443 1515 2486 affert,
1540 2442 1586 2477 de
1612 2442 1762 2487 supple·

277 2499 406 2534 mentis
432 2500 551 2534 codici
569 2502 599 2534 A
626 2510 695 2535 sec.
714 2511 758 2534 m.
776 2500 913 2535 additis
938 2500 1054 2535 verba
1077 2498 1231 2535 faciens.
1281 2500 1382 2542 Quae
1407 2499 1651 2535 coniectando
1675 2499 1764 2535 oriri

277 2566 347 2590 non
375 2557 559 2600 potuisse,
592 2557 657 2591 sed
682 2567 726 2592 ex
752 2557 822 2592 alio
848 2557 975 2592 codice
1007 2557 1138 2592 hausta
1165 2567 1246 2592 esse
1273 2556 1465 2592 concludit
1488 2566 1534 2591 ex
1558 2556 1594 2590 11
1620 2558 1696 2599 228,
1722 2559 1759 2591 11

276 2613 349 2655 (ed.
375 2613 523 2656 Kram.)‚
549 2613 610 2648 ubi
635 2614 748 2648 verba
772 2612 837 2649 καὶ
859 2635 903 2639 -
924 2610 1098 2659 φυγόντα
1122 2614 1161 2648 in
1179 2615 1209 2648 A
1235 2614 1372 2648 omissa
1396 2623 1466 2648 sec.
1492 2624 1538 2648 m.
1564 2613 1660 2648 inter
1685 2622 1763 2647 ver-

278 2680 340 2704 sus
366 2669 492 2703 addita
518 2674 613 2704 sunt.
662 2668 721 2705 Ac
746 2681 791 2705 ne
816 2671 901 2705 mihi
927 2671 1076 2716 quidem
1100 2671 1177 2706 veri
1203 2670 1320 2705 simile
1344 2670 1512 2714 videtur,
1534 2669 1625 2705 haec
1649 2669 1764 2705 verba

278 2726 323 2760 ab
348 2726 608 2770 interpolatore
642 2727 799 2771 quodam
832 2737 913 2762 esse
944 2726 1127 2772 profecta,
1161 2727 1227 2762 sed
1259 2727 1327 2762 hoc
1352 2726 1559 2771 potuisse
1584 2725 1664 2761 fieri
1687 2735 1762 2760 non

279 2792 428 2825 prorsus
452 2782 664 2826 negaveris,
695 2783 724 2817 si
750 2793 792 2817 ea
819 2793 913 2827 quae
939 2784 1114 2828 leguntur
1140 2782 1176 2817 11
1202 2785 1278 2823 238,
1300 2786 1338 2818 16
1364 2781 1591 2828 respexeris3
1621 2791 1693 2825 qua
1717 2780 1763 2816 de

283 2848 393 2872 causa
416 2837 485 2873 hoc
510 2839 587 2874 solo
613 2842 827 2883 argumento
852 2840 1063 2884 opinionem
1089 2840 1186 2874 illam
1213 2837 1376 2875 refutare
1400 2849 1472 2874 non
1497 2848 1705 2883 possumus.
