1893 3204
1504 223 1555 263 15

185 344 470 388 Praeter-eundi
508 349 638 383 sutem
677 344 713 382 in
754 343 827 383 lise
864 354 906 382 re
945 342 979 380 ei
1016 340 1201 381 videntur
1236 351 1323 380 esse
1360 339 1454 389 loci,
1496 338 1559 378 ubi

71 418 282 468 postqum
318 413 566 453 enuntiatum
605 411 804 462 quoddam
846 410 1031 448 omissum
1070 414 1147 454 est,
1187 407 1396 459 sequentis
1434 406 1564 445 verbis

71 472 155 529 ὅτι,
184 478 306 536 φησί,
335 473 428 520 εἶτα
453 482 513 519 vel
538 481 727 519 similibus
747 478 961 518 adduntur.
1023 478 1162 529 Neque
1185 478 1286 517 euim
1316 476 1390 516 hnc
1412 476 1562 515 rationo

72 551 363 593 contr-huntur
392 548 597 588 Strabonis
631 549 761 595 verbs,
793 553 832 586 et
861 551 1067 598 praeterea
1097 559 1143 584 es
1175 558 1278 596 quse
1309 544 1390 585 illic
1420 544 1565 584 omissa

71 623 175 665 sunt,
206 621 244 659 in
276 618 493 669 archetypo
527 619 648 657 fuisse
680 620 870 667 corrupta
907 619 945 655 et
976 615 1142 654 lacunae
1175 617 1336 654 monent
1375 613 1436 653 his
1466 624 1564 664 quo-

72 701 151 741 que
182 688 279 729 locis
309 701 428 738 saepe
462 688 622 726 relictae
655 691 692 725 et
723 684 841 725 semel
862 685 978 724 etiam
1009 679 1062 734 (11
1087 686 1155 733 99,
1180 683 1248 731 19)
1279 682 1406 722 oratio
1434 681 1565 722 subito

72 756 306 807 interrupta.

188 824 343 864 Deinde
376 825 491 862 etiam
524 823 578 862 illi
603 824 676 862 loci
709 820 947 861 excludendi
967 823 1071 864 sunt,
1104 819 1168 858 ubi
1191 831 1332 858 versus
1361 831 1410 858 ex
1437 818 1566 870 poetis

73 892 182 933 allsti
216 906 293 932 non
326 892 374 931 ad
408 893 522 931 finem
556 891 764 942 perscripti
786 894 880 929 suut
909 888 1040 928 verbis
1071 883 1144 925 καὶ
1175 877 1230 925 τὰ
1261 881 1360 938 ἑξῆς
1390 887 1455 926 vel
1486 879 1567 932 ἕως

74 958 158 999 τοῦ
190 960 400 999 adiunctis.
460 959 537 999 Sed
573 959 631 997 liic
664 970 823 1008 quoque
856 956 1105 1007 corruptelas
1126 955 1246 994 fuisse
1278 956 1315 993 in
1348 954 1567 1006 archetypo

32 1075 37 1080 ‚
74 1028 166 1068 inde
183 1029 401 1078 collegeris,
423 1027 528 1078 quod
554 1026 749 1065 interdum
772 1026 900 1064 subito
918 1025 1062 1064 desinit
1078 1024 1216 1075 oratio,
1238 1024 1346 1062 velut
1365 1024 1397 1062 ll
1423 1025 1513 1072 129,
1532 1024 1570 1072 9,

76 1096 139 1136 ubi
171 1096 293 1135 verba
324 1092 397 1133 καὶ
419 1089 474 1133 τὰ
495 1089 593 1146 ἐξῆ.-
626 1098 713 1145 post
736 1084 973 1143 ἀντόμεναι
1008 1094 1197 1143 leguntur
1226 1092 1266 1131 in
1297 1092 1425 1130 medio
1446 1104 1568 1131 enun-

74 1163 193 1215 tiat03
233 1167 327 1210 251,
355 1167 397 1211 5,
436 1164 498 1203 ubi
538 1168 627 1214 post
657 1152 892 1207 Ἑλικῶνος
930 1162 1062 1200 verbis
1106 1156 1180 1198 καὶ
1215 1153 1272 1198 τὰ
1301 1153 1397 1212 ἑξῆς
1433 1160 1570 1211 positis

76 1233 226 1272 Ascrae
269 1232 430 1272 Hesiodi
473 1233 645 1282 patriae,
694 1234 855 1281 propter
897 1242 1014 1280 quam
1058 1240 1196 1268 versus
1235 1228 1289 1267 illi
1336 1229 1570 1272 afferuntur,

78 1301 237 1340 omnino
268 1313 345 1340 non
379 1301 524 1339 mentio
556 1300 618 1348 fit3
653 1302 746 1342 321,
773 1302 835 1346 10,
867 1299 931 1337 ubi
955 1310 1042 1337 cum
1067 1298 1223 1347 legatur
1242 1287 1456 1347 μενεπτόε
1489 1289 1571 1341 ἕως

77 1366 159 1407 τοῦ
190 1359 296 1419 ἀμφ’
318 1361 511 1419 ἱμερτὸν,
542 1367 717 1406 dilucide
740 1366 1037 1405 demonstratur
1058 1367 1096 1404 in
1119 1366 1337 1417 archetypo
1359 1364 1571 1404 detrimen·

78 1441 159 1475 tum
191 1437 324 1486 fuisse,
355 1436 459 1487 quod
484 1437 616 1475 verbis
639 1430 721 1481 ’ἕως
741 1433 824 1473 τοῦ
857 1435 1102 1484 interpositis
1133 1434 1247 1485 quasi
1278 1430 1569 1484 quodammodo

77 1504 244 1544 celatum
273 1510 345 1544 est.

192 1573 320 1613 Ceteri
354 1585 447 1612 vero
486 1574 560 1612 loci
604 1574 640 1611 in
679 1573 837 1611 brevius
874 1570 1065 1610 contracti
1107 1571 1145 1609 in
1185 1569 1286 1609 duas
1324 1573 1458 1620 partes
1494 1568 1571 1608 dis·

78 1641 277 1680 tribuendi
309 1641 505 1691 videntur,
535 1653 702 1691 quarum
735 1640 863 1679 altera
894 1651 962 1678 eos
993 1639 1290 1689 complectitur,
1321 1638 1389 1688 qui
1420 1638 1458 1676 in
1490 1649 1570 1676 om-

80 1709 194 1748 nibus
218 1709 419 1748 codicibus
441 1708 657 1748 decurtatis
689 1707 986 1756 convenienter,
1016 1706 1153 1754 alters,
1183 1706 1249 1757 qui
1282 1706 1321 1745 in
1342 1705 1432 1744 aliis
1458 1705 1572 1744 aliter

82 1777 283 1827 leguntur.

195 1845 344 1884 Prioris
365 1845 524 1894 generis
544 1850 635 1883 sunt
659 1844 733 1882 loci
757 1843 967 1882 tredecim:
1003 1844 1094 1893 129,
1115 1845 1152 1891 13
1178 1844 1268 1888 129,
1288 1843 1357 1892 193
1389 1843 1480 1890 156,
1501 1842 1575 1890 223

83 1916 269 1963 163,17:
314 1915 499 1962 165‚1o:
543 1916 732 1960 245‚13;
775 1914 934 1959 246‚9;
979 1912 1137 1959 259,8;
1179 1912 1368 1955 267,13;
1411 1911 1572 1958 275‚2;

80 1982 241 2031 296,5;
274 1983 465 2030 299,11;
497 1983 589 2025 329,
612 1984 658 2020 3:
698 1993 745 2018 cx
778 1980 924 2030 quibus
956 1978 1155 2017 nonnulli:
1191 1981 1280 2022 163,
1307 1980 1376 2021 17:
1409 1979 1503 2026 246,
1525 1978 1572 2022 9;

81 2050 242 2099 259,8;
279 2052 471 2098 267,13;
510 2051 604 2098 299,
630 2052 675 2087 11
716 2048 866 2086 lacunis
904 2048 941 2085 in
980 2046 1116 2085 codice
1146 2046 1180 2084 B
1210 2042 1365 2096 {relictis
1402 2044 1572 2084 dilucide

81 2117 372 2165 demonstrant,
413 2118 450 2155 in
484 2116 619 2156 codice
651 2116 871 2166 archetypo
904 2115 966 2153 hic
997 2114 1244 2165 corruptelas
1274 2113 1404 2153 fuisse.

194 2185 269 2224 Alii
309 2198 356 2224 ex
397 2185 470 2224 hoc
510 2198 673 2224 numero
712 2185 785 2223 loci
823 2184 886 2222 vel
919 2184 1003 2234 ipss
1034 2182 1400 2233 supplementorum
1432 2185 1576 2221 natura

82 2257 310 2304 corruptam
349 2254 559 2304 archetypi
600 2252 871 2292 condicionem
912 2252 1007 2290 satis
1048 2259 1238 2300 arguunt,
1280 2249 1391 2290 velut
1430 2252 1520 2296 129,
1551 2253 1570 2290 1

82 2311 211 2371 (πρὸς
240 2318 418 2372 ταῦτα);
458 2324 551 2366 296,
575 2319 663 2364 5;¹)
705 2318 928 2370 299‚11.2)
988 2318 1063 2357 Alii
1100 2317 1333 2367 ostendunt,
1372 2317 1573 2358 librarium

82 2401 276 2428 conexum
299 2390 563 2440 interruptum
586 2389 794 2428 restituere
818 2387 1000 2431 voluisse,
1022 2386 1130 2425 velut
1152 2389 1244 2432 246,
1262 2388 1476 2436 12-247,
1494 2389 1530 2425 3.
1541 2385 1573 2432 ³)

200 2499 226 2539 ¹)
251 2496 317 2532 uie
341 2501 427 2541 post
450 2493 576 2542 ἔργων
602 2497 637 2531 in
661 2497 690 2530 ΙΙ
715 2496 863 2541 legitur:
890 2489 948 2530 ὅτι
975 2497 1051 2529 τῶν
1077 2489 1149 2529 ὑπὸ
1179 2496 1230 2528 τῶ
1249 2488 1395 2539 ᾰχιλλεῖ
1416 2490 1573 2540 λεχθέν-

85 2566 159 2589 των
187 2550 425 2599 ἐναντιλογία
452 2549 533 2589 ἐστὶ
560 2550 613 2593 τὸ,
640 2565 680 2589 τε
709 2549 827 2598 ἄργος
853 2564 887 2586 x.
906 2563 936 2587 τ.
954 2553 997 2594 L,
1023 2550 1159 2586 deinde
1184 2550 1347 2586 secunda
1370 2561 1480 2586 manu
1504 2551 1574 2586 sub

83 2604 140 2645 ὅτι
169 2613 245 2644 τῶν
269 2614 306 2645 et
331 2605 412 2646 ἐστὶ
438 2614 576 2654 puncta
601 2610 721 2655 posita
747 2615 841 2645 sunt.

195 2668 229 2707 ¹)
256 2666 298 2702 Iu
320 2666 351 2702 B
380 2668 507 2702 eadem
534 2667 707 2711 leguntur
732 2672 842 2710 atque
867 2666 903 2700 in
924 2666 947 2703 Ι.
979 2665 1051 2699 nisi
1077 2664 1177 2709 quod
1202 2663 1309 2699 initio
1333 2666 1355 2709 ὴ
1381 2665 1572 2701 omittitur.

199 2726 227 2762 ³)
255 2723 295 2758 ln
316 2723 349 2759 B
373 2724 525 2768 legitur:
552 2717 609 2757 ι’ἷτι
625 2717 789 2768 ’Όμηρος
814 2720 975 2767 ποιήσας
999 2716 1041 2763 ὃς
1066 2715 1106 2766 ῥ’
1124 2717 1165 2757 ἐν
1190 2730 1309 2765 usque
1333 2721 1379 2756 sd
1404 2720 1573 2767 κηφίσιὸι

84 2779 218 2825 λίμνην
244 2775 288 2817 ου’
315 2777 379 2825 τὴν
397 2778 571 2815 κωπαῖδα
596 2777 698 2825 λέγει
726 2776 777 2822 ὡς
802 2792 837 2814 κ.
858 2792 886 2814 t.
904 2781 947 2819 λ.,
974 2778 1037 2813 nbi
1062 2773 1136 2823 γὰρ
1156 2776 1331 2812 omissum
1350 2782 1406 2813 est
1424 2784 1576 2825 propter

87 2837 252 2873 lacunam
277 2842 386 2872 autes
411 2837 505 2872 iuter
531 2837 644 2872 verbs
668 2835 732 2871 καὶ
762 2839 834 2871 τῶν
859 2833 958 2873 ἑλῶν
983 2839 1020 2870 et
1044 2827 1101 2868 ὅτι
1121 2826 1267 2878 ὅμηρος
1293 2832 1463 2880 hiantem,
1486 2833 1574 2883 βοέ-

87 2895 191 2929 λεται
211 2892 368 2928 fortusse
392 2894 477 2938 quis
494 2894 530 2928 in
546 2892 747 2939 archetypo
771 2894 856 2930 item
875 2892 969 2928 utin
984 2894 1016 2928 Α
1034 2884 1237 2937 βούλονται
1261 2889 1355 2928 falso
1372 2893 1573 2939 legebatur.
