1893 3204
181 771 316 838 Operi
339 786 541 826 Strabonis
563 786 830 837 geographico
853 797 1091 837 quamquam
1116 785 1222 824 multi
1250 786 1321 824 viri
1345 784 1558 824 doctissimi

69 866 229 905 operam
263 860 514 894 navaverunt
550 859 669 905 atquc
702 856 739 893 in
772 868 819 893 co
851 853 1081 894 illustrando
1119 858 1159 891 et
1190 852 1440 892 emendando
1473 852 1559 902 plu-

71 923 211 962 rimum
244 923 510 973 profecerunt,
542 928 669 961 tamcu
701 922 809 967 illud,
840 922 947 974 quod
971 922 1084 973 quasi
1107 921 1403 960 fundamentum
1436 924 1486 967 et,
1518 923 1561 958 ut

71 991 125 1030 ita
160 990 306 1037 dicam,
347 1003 492 1042 parcns
533 992 653 1030 totius
694 992 790 1029 artis
833 992 992 1030 criticae
1032 989 1165 1029 haberi
1209 989 1339 1037 debet,
1380 988 1558 1026 codicum

22 1074 28 1080 ·
71 1071 187 1098 manu
219 1060 457 1108 scriptorum
491 1058 715 1098 distributio
748 1064 866 1109 atquc
899 1059 1130 1107 aestimatio,
1159 1057 1289 1096 adhuc
1321 1057 1410 1108 plus
1431 1069 1560 1106 aequo

70 1127 294 1179 neglectum
327 1126 485 1166 videtur
516 1139 612 1166 esse.
674 1128 814 1177 Neque
837 1128 936 1165 euim
961 1132 1052 1177 post
1074 1127 1323 1175 Kramerum,
1354 1126 1420 1176 qui
1444 1137 1560 1175 quam

70 1195 172 1235 bene
203 1195 251 1234 de
284 1195 358 1235 hac
388 1208 429 1234 re
462 1196 661 1240 meruerit,
694 1195 851 1244 nemini,
884 1196 949 1246 qui
973 1196 1131 1234 omnino
1155 1196 1252 1234 haec
1275 1194 1405 1233 studia
1425 1194 1562 1243 attige-

71 1265 132 1309 rit,
163 1264 338 1314 ignotum
371 1267 442 1311 est,
473 1264 683 1314 quisquam
708 1264 869 1313 exstitit,
900 1265 967 1314 qui
996 1265 1033 1302 in
1056 1263 1279 1302 iudicandis
1305 1268 1427 1313 atque
1449 1262 1562 1301 aesti-

72 1331 227 1371 mandis
258 1332 368 1372 libris
408 1344 525 1371 manu
557 1333 717 1382 scriptis
759 1332 933 1371 studium
976 1332 1200 1371 collocaret.
1259 1332 1401 1381 Neque
1433 1336 1563 1369 tamen

74 1401 255 1440 Krameri
289 1400 472 1451 quamvis
503 1400 665 1451 egregia
686 1399 1016 1438 commentatione
1050 1412 1130 1438 rem
1154 1399 1201 1437 ad
1226 1398 1338 1437 finem
1371 1410 1456 1437 esse
1479 1410 1563 1449 per-

73 1467 250 1515 ductam,
278 1468 365 1523 ‘iam
399 1480 540 1507 censor
571 1468 654 1507 eius
695 1468 958 1516 Monacensis,
1000 1467 1254 1518 Spengelius,
1294 1471 1332 1506 et
1361 1466 1565 1517 aliquanto

73 1540 165 1588 post
186 1536 379 1586 Vogelius
403 1537 440 1575 in
464 1537 733 1586 recognitione
755 1536 978 1576 studiorum
1001 1535 1050 1574 ad
1073 1535 1276 1576 Strabonis
1299 1534 1566 1585 geographica

74 1593 368 1656 pertinentium,
399 1617 501 1655 quae
535 1605 672 1654 paucis
693 1605 807 1643 aunis
839 1604 980 1643 abhinc
1012 1604 1051 1643 in
1079 1602 1336 1653 „Philologo“
1373 1601 1567 1655 prodiit‚¹)

75 1677 322 1713 monuerunt.
384 1673 566 1723 Namque
597 1685 684 1711 cum
717 1672 776 1711 vir
807 1671 1059 1711 doctissimus
1091 1672 1281 1710 rationem
1313 1671 1492 1710 codicum
1526 1671 1563 1708 in

74 1742 300 1781 universum
334 1740 495 1792 quidem
527 1742 607 1779 acri
641 1741 799 1791 ingenio
840 1743 945 1779 recte
972 1730 1227 1779 ⁴constituerit
1264 1751 1310 1777 ac
1341 1738 1569 1787 firmaverit,

75 1815 205 1849 tamen
245 1809 439 1849 nonnulla
475 1809 700 1848 accuratius
742 1812 985 1859 pertractare
1022 1807 1256 1859 supersedit.
1326 1806 1441 1856 Quod
1480 1818 1566 1845 cum

75 1877 124 1917 de
155 1878 298 1917 ceteris
335 1881 416 1916 tum
450 1877 615 1915 maxime
645 1877 693 1915 de
725 1876 780 1915 eis
813 1876 1014 1915 codicibus
1053 1875 1262 1915 dicendum
1296 1883 1374 1924 est,
1415 1876 1452 1914 in
1485 1875 1569 1925 qui·

74 1945 149 1985 bus
169 1944 267 1984 haec
290 1948 426 1984 nostra
447 1945 721 1984 commentatio
745 1944 978 1989 versabitur,
1010 1944 1157 1983 scilicet
1185 1943 1234 1983 de
1257 1944 1325 1989 eis,
1358 1943 1425 1993 qui
1447 1943 1570 1981 libros

77 2026 217 2053 novem
250 2014 405 2064 priores
436 2013 633 2052 exhibent.
695 2013 737 2051 ln
770 2012 830 2051 his
861 2013 963 2050 cuim
988 2011 1208 2051 iudicandis
1239 2010 1378 2050 summi
1410 2009 1568 2061 quidem

78 2081 262 2122 momenti
293 2080 391 2121 illud
423 2085 502 2127 est,
540 2080 645 2132 quod
680 2081 897 2119 Kramerus
929 2080 1085 2119 codices
1117 2081 1184 2130 qui
1215 2079 1403 2118 dicuntur
1433 2078 1570 2117 decur-

79 2153 182 2190 tatos
212 2149 407 2189 diversam
440 2163 463 2189 a
493 2149 629 2189 codice
653 2150 684 2188 Α
719 2149 909 2198 originem
944 2149 1092 2187 habere
1123 2148 1269 2193 statuit,
1299 2147 1482 2198 aliosque
1504 2159 1569 2186 co-

78 2218 186 2258 dices
215 2219 455 2270 complures,
484 2218 629 2269 quibus
660 2216 708 2255 ad
743 2216 780 2255 id
806 2221 962 2266 tempus
995 2227 1146 2255 summa
1176 2216 1392 2255 auctoritas
1423 2215 1570 2254 tributa

79 2289 183 2337 erat,
224 2286 320 2325 nihil
359 2286 431 2325 nisi
470 2285 701 2337 apographa
740 2285 895 2323 illorum
935 2296 1020 2323 csse
1059 2283 1234 2323 dilucide
1276 2283 1571 2322 demonstravit.

79 2353 155 2394 Sed
188 2358 318 2393 tamen
357 2353 453 2393 illud
486 2354 652 2392 maxime
693 2354 918 2391 etiamnunc
956 2353 992 2391 iu
1032 2352 1201 2391 obscuro
1239 2355 1318 2401 est,
1359 2363 1568 2401 quamnam

80 2422 237 2462 codices
268 2421 323 2461 illi
355 2421 550 2461 decurtati
583 2422 686 2460 inter
717 2434 758 2459 se
791 2421 958 2459 habeant
990 2421 1193 2466 rationem,
1225 2431 1388 2470 quoque
1421 2420 1570 2458 honore

79 2489 224 2540 singuli
255 2489 334 2529 sint
364 2489 545 2528 habendi.
606 2489 860 2539 Quapropter
892 2500 979 2527 cum
1011 2488 1184 2538 suscipio
1216 2488 1254 2525 in
1287 2486 1388 2525 hanc
1419 2490 1569 2538 partem

80 2558 399 2610 supplementum
432 2557 537 2596 illius
569 2557 815 2607 quaestionis
847 2556 1136 2607 qualecumque
1169 2554 1219 2594 ad
1251 2555 1433 2594 Krameri
1466 2567 1569 2593 com·

81 2628 360 2667 mentationem
393 2627 555 2676 afferre,
586 2626 660 2664 hoc
691 2625 740 2664 ad
775 2638 853 2664 rem
888 2625 1043 2676 planius
1074 2624 1389 2675 cognoscendam
1421 2620 1569 2663 'artem-

81 2708 158 2746 que
200 2695 376 2734 criticam
417 2693 713 2734 Strabonianam
756 2692 1020 2732 adiuvandam
1064 2705 1142 2732 non
1182 2693 1267 2731 siue
1309 2692 1571 2731 emolumento

82 2762 168 2803 fore
200 2762 364 2802 confido.

199 2873 228 2913 ¹)
251 2869 378 2906 Philol.
406 2875 488 2904 tom.
508 2873 550 2904 39
576 2878 659 2914 pag.
678 2872 743 2904 32ss
761 2879 842 2914 sqq.

273 2931 281 2940 .
1264 2935 1301 2967 ¹.
