1893 3204
1498 217 1548 259 21

62 355 199 392 τανος
227 355 265 384 κ.
286 356 323 384 τ.
347 342 421 394 λ.);
451 346 544 391 318,
566 346 590 384 2
623 344 706 390 (ubi
739 348 829 395 post
856 339 1048 395 πλησίον
1079 339 1154 382 καὶ
1183 343 1354 397 abrupta
1375 346 1554 386 oratioue

62 417 103 455 et
134 413 277 454 lacuna
307 412 442 453 relicta
471 412 651 462 sequitur
683 407 755 450 καὶ
787 401 840 451 τὰ
870 400 1075 462 ἀστέρων
1105 423 1144 450 κ.
1166 422 1205 450 τ.
1230 410 1296 458 λ.).
1309 410 1339 459 ¹)

177 492 260 533 uu
280 491 570 542 discrepantias
594 504 670 531 nou
693 504 781 531 esse
801 503 880 541 eas,
911 496 953 531 ut
973 492 1156 530 conicere
1179 491 1296 531 liceat
1315 490 1494 531 codicem
1518 491 1554 530 B

62 571 112 601 ox
142 560 286 601 ceteris
324 571 521 608 manasse,
562 560 692 611 quivis
728 559 943 609 intelleget.
1001 558 1077 598 Sed
1116 572 1164 598 ne
1202 562 1355 599 ceteros
1389 558 1548 611 quidem

61 641 110 670 ox
132 628 267 670 codice
284 627 321 667 B
341 640 426 667 esse
449 628 651 668 derivatos
677 631 844 680 apparet
868 640 955 667 cum
978 641 1026 667 ex
1049 627 1145 666 locis
1172 631 1261 675 115,
1279 631 1301 668 7
1324 631 1363 667 et
1387 629 1478 679 122,
1495 629 1545 668 21

60 708 181 749 supra
218 708 308 748 pag.
342 700 389 736 16
427 709 449 735 a
487 710 545 735 me
585 697 783 747 tractatis,
818 700 899 736 tum
930 708 979 736 ex
1009 708 1098 747 pag.
1126 698 1218 741 202,
1248 699 1292 744 3,
1330 695 1393 735 ubi
1432 695 1555 736 verba

59 757 553 816 εἶτα-γνωρίζεσθαι,
587 772 626 804 et
657 768 750 814 241,
771 768 806 810 2,
839 764 902 804 ubi
936 764 1055 804 verba
1082 767 1221 801 κεῖται
1246 784 1300 790 -
1320 759 1392 802 καὶ
1421 755 1555 811 πόλις

59 832 99 873 111
135 831 272 872 codice
304 832 339 870 B
375 831 539 882 desunt,
580 834 618 871 in
656 832 797 872 ceteris
834 844 928 871 vero
969 832 1168 881 leguntur.
1228 832 1339 880 Quae
1376 843 1464 871 cum
1501 831 1555 872 its

60 900 151 947 siut,
182 900 314 940 tacere
347 913 423 940 non
448 913 670 951 possumus,
701 902 796 951 quin
819 904 1040 940 statuamus
1071 899 1247 940 codicem
1271 900 1306 938 ΙΙ
1335 905 1375 939 et
1405 903 1554 939 cetero-

60 980 146 1008 rum
178 968 356 1008 codicum
397 981 639 1008 communem
679 969 825 1008 sontem
868 981 915 1008 ex
958 967 1095 1008 eodem
1133 969 1353 1019 archetypo
1394 967 1554 1007 diversa

37 1037 124 1076 .via
154 1048 240 1077 esse
271 1036 482 1088 profectos.
542 1038 674 1087 Atque
706 1038 742 1075 id
777 1038 829 1076 ita
849 1036 1003 1085 ,sactum
1028 1048 1115 1077 esse
1137 1036 1274 1088 liquet,
1307 1042 1349 1075 ut
1370 1036 1496 1076 codex
1518 1036 1555 1075 B

61 1104 182 1143 multo
204 1103 321 1155 plura
352 1115 470 1155 quam
494 1104 557 1142 ilie
581 1105 848 1143 mutilatorum
873 1106 1049 1144 locorum
1071 1104 1347 1156 supplementa
1378 1117 1427 1144 ex
1451 1117 1550 1143 mar·

60 1172 152 1222 gine
176 1172 371 1223 reciperet
393 1177 431 1211 et
452 1172 575 1211 tribus
599 1172 869 1212 tantummodo
888 1173 1003 1211 locis:
1038 1175 1132 1224 202,
1149 1176 1194 1223 3;
1216 1175 1308 1217 241,
1327 1175 1370 1217 2;
1392 1175 1554 1218 260,10

59 1236 141 1290 (ubi
187 1233 270 1292 τὴν
301 1235 488 1279 Μίδειαν
519 1242 556 1279 in
588 1241 621 1278 Ι]
658 1242 842 1280 omissum
881 1247 941 1280 est
981 1243 1123 1281 lacuna
1159 1242 1312 1285 relicta)
1349 1254 1411 1287 ea,
1452 1254 1554 1293 quae

59 1312 226 1349 exstant
255 1309 293 1347 in
327 1309 470 1348 ceteris
501 1309 717 1360 codicibus,
748 1315 965 1361 respueret.

177 1389 356 1439 Denique
395 1389 511 1428 etiam
550 1389 622 1428 hoc
662 1389 1055 1429 animadvertendum
1088 1389 1264 1439 videtur,
1304 1389 1478 1430 codicem
1506 1390 1553 1439 B,

59 1456 208 1508 quippe
240 1458 306 1507 qui
339 1460 422 1495 toto
454 1457 537 1496 sere
569 1458 729 1496 saeculo
762 1464 851 1508 post
874 1457 1049 1497 codicem
1076 1458 1106 1496 G
1127 1479 1175 1483 -—
1199 1459 1265 1509 qui
1298 1458 1463 1498 alterius
1493 1462 1554 1498 est

64 1525 235 1564 familiae
266 1545 319 1550 —
351 1525 523 1576 scriptus
554 1527 617 1576 sit,
648 1527 712 1564 vix
745 1527 911 1576 primum
945 1526 1066 1565 fuisse
1098 1526 1371 1578 apographum
1405 1526 1553 1567 codicis

61 1592 286 1644 archetypi,
326 1592 396 1632 sed
437 1606 484 1633 ex
517 1595 748 1645 apoprapho
779 1594 950 1645 quodam
982 1595 1188 1646 archetypi
1231 1595 1357 1646 ipsum
1390 1608 1550 1646 quoque

65 1673 152 1700 esse
183 1660 436 1711 descriptum.

174 1741 254 1779 lam
287 1741 476 1791 sequitur,
510 1746 551 1780 ut
583 1740 630 1780 de
663 1740 866 1780 codicibus
898 1742 927 1779 G
953 1743 968 1779 l
998 1752 1017 1778 s
1047 1753 1068 1780 υ
1099 1742 1222 1781 verba
1253 1741 1406 1781 faciam.
1465 1742 1553 1791 Quo

59 1821 108 1848 ex
140 1821 303 1848 numero
335 1808 510 1848 codicem
537 1807 566 1846 C
595 1822 671 1847 non
705 1822 752 1848 ex
785 1809 1026 1860 reliquorum
1061 1822 1139 1848 uno
1170 1810 1359 1860 originem
1391 1809 1554 1850 duxisse

59 1876 124 1916 vel
155 1888 203 1915 ex
235 1880 365 1915 aetate
397 1876 481 1915 eius
512 1875 645 1926 liquet.
704 1876 779 1916 Sed
814 1889 861 1915 ue
901 1881 1055 1916 ceteros
1087 1877 1246 1927 quidem
1286 1890 1333 1916 ex
1366 1878 1435 1917 illo
1466 1890 1553 1918 esse

60 1943 272 1992 derivatos,
302 1942 395 1982 inde
425 1949 606 1994 apparet,
637 1944 741 1994 quod
774 1943 898 1983 codex
926 1945 955 1982 ζ’
983 1944 1134 1984 initium
1164 1945 1435 1985 tantummodo
1467 1945 1554 1985 libri

59 2012 152 2052 vm
182 2013 308 2063 prima
340 2024 456 2051 manu
488 2013 678 2063 scriptum
712 2013 890 2061 exhibet,
922 2013 1042 2052 ceteri
1075 2026 1167 2053 vero
1200 2015 1314 2052 etiam
1346 2014 1554 2065 sequentia

180 2134 206 2175 ¹)
230 2131 308 2167 Hoc
326 2131 406 2167 loco
431 2142 502 2167 non
530 2131 742 2167 enumeravi
768 2142 831 2167 eos
850 2132 962 2173 locos,
987 2132 1049 2177 qui
1076 2133 1110 2167 in
1128 2132 1283 2168 codice!
1307 2142 1351 2168 ea
1375 2132 1421 2169 de
1438 2143 1550 2168 causa

58 2188 342 2231 interciderunt,
368 2189 468 2233 quod
488 2188 611 2223 librari
626 2189 722 2224 oculi
740 2189 786 2223 ad
804 2189 913 2223 alium
933 2189 1117 2234 quendam
1133 2190 1252 2225 locum
1271 2189 1552 2226 aberraverunt:

63 2249 137 2289 134,
154 2251 194 2289 ος
219 2249 296 2288 215,
313 2248 373 2289 223
398 2249 474 2287 231,
495 2250 528 2289 13
555 2250 630 2289 22³9,
651 2250 688 2288 ῖς
714 2251 789 2287 302,
812 2250 869 2290 123
895 2250 973 2291 2516,
990 2251 1021 2280 5.
1056 2248 1156 2290 Quos
1173 2246 1281 2282 etiam
1298 2247 1334 2282 in
1351 2246 1553 2292 archetypo

58 2303 166 2339 huius
191 2301 350 2338 familiae
374 2303 502 2340 codice
529 2303 693 2338 defuisse
720 2314 792 2338 non
819 2303 905 2338 licet
929 2303 1131 2346 affirmare,
1166 2304 1232 2339 sed
1259 2304 1359 2340 solus
1383 2303 1555 2339 codicis!

59 2359 229 2396 librarius
263 2360 411 2395 videtur
444 2360 533 2396 haec
568 2360 795 2404 peccavisse.
853 2360 1047 2395 Praeterea
1085 2365 1373 2396 consentaneum
1406 2366 1462 2396 est
1496 2371 1552 2396 me

59 2415 141 2451 ilios
166 2426 316 2462 quoque
334 2418 434 2452 iocos
452 2416 757 2462 praetermisisse
782 2416 856 2462 qui,
875 2427 957 2451 cum
976 2416 1105 2452 eodem
1123 2416 1231 2451 modo
1248 2422 1360 2462 atque
1377 2417 1415 2452 iu
1436 2418 1468 2453 B
1492 2427 1546 2452 se-

57 2471 216 2507 cuudum
243 2472 516 2508 ''lzschuckium
548 2473 585 2508 in
610 2473 735 2508 codice
759 2485 809 2515 m,
841 2472 1016 2508 codicis!
1044 2472 1278 2519 apographo,
1307 2474 1431 2510 omissi
1463 2475 1541 2509 sint

58 2529 139 2565 sine
164 2528 281 2564 dubio
306 2529 413 2564 etiam
440 2530 474 2564 in
500 2531 530 2568 l.
556 2539 773 2574 quamquam
801 2529 1001 2565 Kramerus
1034 2529 1100 2565 hoc
1124 2530 1302 2566 adnotare
1327 2532 1551 2576 supersedit,

59 2585 206 2630 desunt,
232 2586 335 2621 velut
359 2585 392 2622 11
424 2589 482 2622 11·
490 2592 570 2629 ,·’0,
596 2587 658 2622 ubi
685 2587 797 2622 verba
822 2599 927 2622 ουτοι
956 2607 996 2612 -
1024 2584 1175 2631 Σάμιον
1199 2588 1233 2623 in
1260 2588 1342 2623 cod.
1361 2588 1395 2624 B
1418 2593 1455 2624 et
1479 2599 1552 2625 seo.

60 2642 127 2678 ’1ι.
151 2643 258 2677 ctiam
285 2643 321 2677 iu
347 2643 427 2679 cod.
446 2654 478 2678 m
505 2643 773 2679 desiderantur.
822 2643 885 2679 Ad
909 2643 1074 2679 eiusdem
1093 2645 1250 2690 paginae
1278 2648 1337 2680 117
1366 2655 1420 2681 vs.
1438 2650 1458 2680 9
1484 2646 1553 2682 hoo

60 2700 143 2736 ioco
162 2699 270 2735 liceat
286 2698 373 2734 mihi
399 2700 690 2735 emendationem
716 2710 922 2745 proponere
949 2696 989 2737 ἐν
1014 2696 1146 2737 ἄλσεσι
1172 2698 1358 2747 πλήρεσιν
1383 2696 1552 2755 ιίνθέων;

58 2756 166 2793 facile
191 2757 286 2791 enim
315 2762 466 2801 propter
484 2756 760 2792 similitudinem
789 2757 1086 2791 terminationum
1114 2757 1264 2794 verbum
1284 2755 1468 2803 πλήρεσιν
1492 2769 1552 2795 ex·

58 2812 180 2849 cidere
208 2813 337 2858 potuit.
386 2812 462 2848 Noc
489 2813 609 2858 placet
634 2812 793 2848 Meiueki
817 2814 1040 2857 coniectura,
1065 2815 1127 2859 qui
1153 2815 1282 2850 scribit
1311 2811 1468 2850 ἄλσεσιν
1490 2809 1552 2851 ἂν·

62 2865 166 2905 θέων
191 2866 317 2917 πλέῳς
343 2866 384 2903 τὸ
403 2866 499 2904 πολὺ
531 2881 565 2905 κ.
590 2881 620 2904 τ.
644 2871 687 2912 λ.,
721 2871 833 2906 verba
865 2870 961 2905 enim
995 2869 1036 2904 τὸ
1064 2868 1161 2906 πολύ
1187 2871 1266 2907 sine
1291 2870 1472 2917 particula
1499 2866 1551 2913 ὡς

59 2926 158 2972 apud
183 2926 398 2962 Strabonem
425 2926 485 2960 vix
513 2925 562 2962 ita
587 2925 745 2961 inveniri
770 2926 951 2963 existimo.
