<?xml version="1.0" encoding="UTF-8"?>
<!DOCTYPE html PUBLIC "-//W3C//DTD XHTML 1.0 Transitional//EN"
    "http://www.w3.org/TR/xhtml1/DTD/xhtml1-transitional.dtd">
<html xmlns="http://www.w3.org/1999/xhtml" xml:lang="en" lang="en">
 <head>
  <title>
</title>
<meta http-equiv="Content-Type" content="text/html;charset=utf-8" />
  <meta name='ocr-system' content='tesseract 3.04.00' />
  <meta name='ocr-capabilities' content='ocr_page ocr_carea ocr_par ocr_line ocrx_word'/>
</head>
<body>
  <div class='ocr_page' id='page_1' title='image "./decodicibusstrab00roeluoft_0016.png"; bbox 0 0 1893 3204; ppageno 0'>
   <div class='ocr_carea' id='block_1_1' title="bbox 276 213 325 252">
    <p class='ocr_par' dir='ltr' id='par_1_1' title="bbox 276 213 325 252">
     <span class='ocr_line' id='line_1_1' title="bbox 276 213 325 252; baseline -0.02 0"><span class='ocrx_word' id='word_1_1' title='bbox 276 213 325 252; x_wconf 87' lang='lat'><strong>12</strong></span> 
     </span>
    </p>
   </div>
   <div class='ocr_carea' id='block_1_2' title="bbox 268 321 1755 648">
    <p class='ocr_par' dir='ltr' id='par_1_2' title="bbox 268 321 1755 648">
     <span class='ocr_line' id='line_1_2' title="bbox 272 321 1755 377; baseline -0.003 -12"><span class='ocrx_word' id='word_1_2' title='bbox 272 339 385 377; x_wconf 88' lang='lat' dir='ltr'><strong>quam</strong></span> <span class='ocrx_word' id='word_1_3' title='bbox 428 341 474 366; x_wconf 80' lang='lat' dir='ltr'><strong>ex</strong></span> <span class='ocrx_word' id='word_1_4' title='bbox 506 326 640 365; x_wconf 87' lang='lat' dir='ltr'><strong>codice</strong></span> <span class='ocrx_word' id='word_1_5' title='bbox 672 323 840 374; x_wconf 79' lang='lat' dir='ltr'><strong>quodam</strong></span> <span class='ocrx_word' id='word_1_6' title='bbox 879 323 1083 362; x_wconf 85' lang='lat' dir='ltr'><strong>decurtato</strong></span> <span class='ocrx_word' id='word_1_7' title='bbox 1120 321 1313 371; x_wconf 81' lang='lat' dir='ltr'>originem</span> <span class='ocrx_word' id='word_1_8' title='bbox 1353 323 1497 362; x_wconf 83' lang='lat' dir='ltr'><strong>habere</strong></span> <span class='ocrx_word' id='word_1_9' title='bbox 1535 323 1755 362; x_wconf 86' lang='lat' dir='ltr'><strong>Kramerus</strong></span> 
     </span>
     <span class='ocr_line' id='line_1_3' title="bbox 271 388 1755 437; baseline -0.003 -2"><span class='ocrx_word' id='word_1_10' title='bbox 271 395 445 436; x_wconf 81' lang='lat' dir='ltr'>dilucide</span> <span class='ocrx_word' id='word_1_11' title='bbox 478 392 776 437; x_wconf 85' lang='lat' dir='ltr'><strong>demonstravit,</strong></span> <span class='ocrx_word' id='word_1_12' title='bbox 816 404 894 429; x_wconf 88' lang='lat' dir='ltr'><strong>una</strong></span> <span class='ocrx_word' id='word_1_13' title='bbox 932 404 1017 430; x_wconf 87' lang='lat' dir='ltr'><strong>cum</strong></span> <span class='ocrx_word' id='word_1_14' title='bbox 1052 388 1255 429; x_wconf 80' lang='lat' dir='ltr'><strong>codicibus</strong></span> <span class='ocrx_word' id='word_1_15' title='bbox 1292 390 1509 430; x_wconf 80' lang='lat' dir='ltr'><strong>decurtatis</strong></span> <span class='ocrx_word' id='word_1_16' title='bbox 1545 390 1755 430; x_wconf 80' lang='lat' dir='ltr'><strong>tractanda</strong></span> 
     </span>
     <span class='ocr_line' id='line_1_4' title="bbox 270 458 1755 511; baseline -0.004 -7"><span class='ocrx_word' id='word_1_17' title='bbox 270 465 425 504; x_wconf 88' lang='lat' dir='ltr'><strong>videtur</strong></span> <span class='ocrx_word' id='word_1_18' title='bbox 467 474 570 511; x_wconf 86' lang='lat' dir='ltr'><strong>esse,</strong></span> <span class='ocrx_word' id='word_1_19' title='bbox 608 460 726 511; x_wconf 87' lang='lat' dir='ltr'><strong>idque</strong></span> <span class='ocrx_word' id='word_1_20' title='bbox 768 460 932 498; x_wconf 82' lang='lat' dir='ltr'><strong>maxime</strong></span> <span class='ocrx_word' id='word_1_21' title='bbox 970 472 1014 497; x_wconf 85' lang='lat' dir='ltr'><strong>ca</strong></span> <span class='ocrx_word' id='word_1_22' title='bbox 1053 458 1102 496; x_wconf 91' lang='lat' dir='ltr'><strong>de</strong></span> <span class='ocrx_word' id='word_1_23' title='bbox 1140 471 1277 505; x_wconf 89' lang='lat' dir='ltr'><strong>causa,</strong></span> <span class='ocrx_word' id='word_1_24' title='bbox 1317 459 1424 510; x_wconf 90' lang='lat' dir='ltr'><strong>quod</strong></span> <span class='ocrx_word' id='word_1_25' title='bbox 1464 462 1503 498; x_wconf 88' lang='lat' dir='ltr'><strong>et</strong></span> <span class='ocrx_word' id='word_1_26' title='bbox 1538 459 1755 510; x_wconf 85' lang='lat' dir='ltr'><strong>permultas</strong></span> 
     </span>
     <span class='ocr_line' id='line_1_5' title="bbox 270 527 1753 583; baseline -0.005 -10"><span class='ocrx_word' id='word_1_27' title='bbox 270 534 400 583; x_wconf 85' lang='lat' dir='ltr'><strong>operis</strong></span> <span class='ocrx_word' id='word_1_28' title='bbox 432 529 680 570; x_wconf 84' lang='lat' dir='ltr'><strong>Straboniani</strong></span> <span class='ocrx_word' id='word_1_29' title='bbox 710 530 846 578; x_wconf 83' lang='lat' dir='ltr'><strong>partes</strong></span> <span class='ocrx_word' id='word_1_30' title='bbox 878 528 1036 566; x_wconf 81' lang='lat' dir='ltr'><strong>exhibet</strong></span> <span class='ocrx_word' id='word_1_31' title='bbox 1066 528 1106 564; x_wconf 90' lang='lat' dir='ltr'><strong>et</strong></span> <span class='ocrx_word' id='word_1_32' title='bbox 1136 527 1348 575; x_wconf 81' lang='lat' dir='ltr'><strong>genuinam</strong></span> <span class='ocrx_word' id='word_1_33' title='bbox 1380 528 1568 567; x_wconf 86' lang='lat' dir='ltr'><strong>orationis</strong></span> <span class='ocrx_word' id='word_1_34' title='bbox 1590 527 1753 566; x_wconf 85' lang='lat' dir='ltr'><strong>formam</strong></span> 
     </span>
     <span class='ocr_line' id='line_1_6' title="bbox 268 600 712 648; baseline -0.014 -7"><span class='ocrx_word' id='word_1_35' title='bbox 268 603 350 641; x_wconf 87' lang='lat' dir='ltr'><strong>fere</strong></span> <span class='ocrx_word' id='word_1_36' title='bbox 382 611 535 648; x_wconf 83' lang='lat' dir='ltr'><strong>semper</strong></span> <span class='ocrx_word' id='word_1_37' title='bbox 566 600 712 636; x_wconf 85' lang='lat' dir='ltr'><strong>servat.</strong></span> 
     </span>
    </p>
   </div>
   <div class='ocr_carea' id='block_1_3' title="bbox 269 673 1757 855">
    <p class='ocr_par' dir='ltr' id='par_1_3' title="bbox 269 673 1757 855">
     <span class='ocr_line' id='line_1_7' title="bbox 380 673 1752 727; baseline -0.003 -10"><span class='ocrx_word' id='word_1_38' title='bbox 380 679 611 727; x_wconf 80' lang='lat' dir='ltr'><strong>Priusquam</strong></span> <span class='ocrx_word' id='word_1_39' title='bbox 655 679 785 714; x_wconf 89' lang='lat' dir='ltr'><strong>autem</strong></span> <span class='ocrx_word' id='word_1_40' title='bbox 833 676 880 714; x_wconf 89' lang='lat' dir='ltr'><strong>ad</strong></span> <span class='ocrx_word' id='word_1_41' title='bbox 927 675 1105 724; x_wconf 85' lang='lat' dir='ltr'><strong>singulos</strong></span> <span class='ocrx_word' id='word_1_42' title='bbox 1153 673 1309 714; x_wconf 87' lang='lat' dir='ltr'><strong>codices</strong></span> <span class='ocrx_word' id='word_1_43' title='bbox 1350 675 1586 715; x_wconf 84' lang='lat' dir='ltr'><strong>iudicandos</strong></span> <span class='ocrx_word' id='word_1_44' title='bbox 1628 678 1752 714; x_wconf 86' lang='lat' dir='ltr'><strong>trans-</strong></span> 
     </span>
     <span class='ocr_line' id='line_1_8' title="bbox 269 743 1757 793; baseline -0.003 -7"><span class='ocrx_word' id='word_1_45' title='bbox 269 759 411 792; x_wconf 64' lang='lat' dir='ltr'><strong>eamus),</strong></span> <span class='ocrx_word' id='word_1_46' title='bbox 443 746 490 784; x_wconf 88' lang='lat' dir='ltr'><strong>de</strong></span> <span class='ocrx_word' id='word_1_47' title='bbox 518 744 636 784; x_wconf 87' lang='lat' dir='ltr'><strong>totius</strong></span> <span class='ocrx_word' id='word_1_48' title='bbox 663 744 833 783; x_wconf 86' lang='lat' dir='ltr'><strong>familiae</strong></span> <span class='ocrx_word' id='word_1_49' title='bbox 862 746 1000 781; x_wconf 80' lang='lat' dir='ltr'><strong>natura</strong></span> <span class='ocrx_word' id='word_1_50' title='bbox 1038 745 1158 793; x_wconf 89' lang='lat' dir='ltr'><strong>atque</strong></span> <span class='ocrx_word' id='word_1_51' title='bbox 1188 743 1318 782; x_wconf 88' lang='lat' dir='ltr'><strong>indole</strong></span> <span class='ocrx_word' id='word_1_52' title='bbox 1349 744 1528 793; x_wconf 84' lang='lat' dir='ltr'><strong>pluribus</strong></span> <span class='ocrx_word' id='word_1_53' title='bbox 1559 743 1757 782; x_wconf 86' lang='lat' dir='ltr'><strong>disseren-</strong></span> 
     </span>
     <span class='ocr_line' id='line_1_9' title="bbox 269 814 558 855; baseline -0.01 0"><span class='ocrx_word' id='word_1_54' title='bbox 269 817 359 855; x_wconf 86' lang='lat' dir='ltr'><strong>dum</strong></span> <span class='ocrx_word' id='word_1_55' title='bbox 390 814 558 852; x_wconf 87' lang='lat' dir='ltr'><strong>videtur.</strong></span> 
     </span>
    </p>
   </div>
   <div class='ocr_carea' id='block_1_4' title="bbox 266 890 1756 1146">
    <p class='ocr_par' dir='ltr' id='par_1_4' title="bbox 266 890 1756 1146">
     <span class='ocr_line' id='line_1_10' title="bbox 380 890 1755 936; baseline -0.001 -5"><span class='ocrx_word' id='word_1_56' title='bbox 380 894 530 932; x_wconf 81' lang='lat' dir='ltr'><strong>Etenim</strong></span> <span class='ocrx_word' id='word_1_57' title='bbox 563 905 650 931; x_wconf 83' lang='lat' dir='ltr'><strong>cum</strong></span> <span class='ocrx_word' id='word_1_58' title='bbox 683 891 908 936; x_wconf 82' lang='lat' dir='ltr'><strong>viderimus,</strong></span> <span class='ocrx_word' id='word_1_59' title='bbox 940 891 976 928; x_wconf 89' lang='lat' dir='ltr'><strong>in</strong></span> <span class='ocrx_word' id='word_1_60' title='bbox 1011 890 1191 929; x_wconf 85' lang='lat' dir='ltr'><strong>omnibus</strong></span> <span class='ocrx_word' id='word_1_61' title='bbox 1214 891 1330 929; x_wconf 82' lang='lat' dir='ltr'><strong>liuius</strong></span> <span class='ocrx_word' id='word_1_62' title='bbox 1353 891 1525 929; x_wconf 84' lang='lat' dir='ltr'><strong>familiae</strong></span> <span class='ocrx_word' id='word_1_63' title='bbox 1555 891 1755 930; x_wconf 79' lang='lat' dir='ltr'><strong>codicibus</strong></span> 
     </span>
     <span class='ocr_line' id='line_1_11' title="bbox 266 958 1756 1008; baseline -0.002 -8"><span class='ocrx_word' id='word_1_64' title='bbox 266 964 303 1000; x_wconf 93' lang='lat' dir='ltr'><strong>in</strong></span> <span class='ocrx_word' id='word_1_65' title='bbox 337 962 446 1000; x_wconf 86' lang='lat' dir='ltr'><strong>libris</strong></span> <span class='ocrx_word' id='word_1_66' title='bbox 468 961 562 999; x_wconf 83' lang='lat' dir='ltr'>VIII</span> <span class='ocrx_word' id='word_1_67' title='bbox 595 964 632 998; x_wconf 90' lang='lat' dir='ltr'><strong>et</strong></span> <span class='ocrx_word' id='word_1_68' title='bbox 653 960 707 998; x_wconf 88' lang='lat' dir='ltr'><strong>IX</strong></span> <span class='ocrx_word' id='word_1_69' title='bbox 739 959 860 997; x_wconf 84' lang='lat' dir='ltr'><strong>multa</strong></span> <span class='ocrx_word' id='word_1_70' title='bbox 892 959 1036 997; x_wconf 87' lang='lat' dir='ltr'><strong>omissa</strong></span> <span class='ocrx_word' id='word_1_71' title='bbox 1067 958 1130 996; x_wconf 91' lang='lat' dir='ltr'><strong>vel</strong></span> <span class='ocrx_word' id='word_1_72' title='bbox 1163 959 1200 996; x_wconf 90' lang='lat' dir='ltr'><strong>in</strong></span> <span class='ocrx_word' id='word_1_73' title='bbox 1232 958 1391 997; x_wconf 84' lang='lat' dir='ltr'><strong>brevius</strong></span> <span class='ocrx_word' id='word_1_74' title='bbox 1422 961 1626 997; x_wconf 84' lang='lat' dir='ltr'><strong>contracta</strong></span> <span class='ocrx_word' id='word_1_75' title='bbox 1656 969 1756 1008; x_wconf 87' lang='lat' dir='ltr'><strong>esse,</strong></span> 
     </span>
     <span class='ocr_line' id='line_1_12' title="bbox 267 1027 1754 1081; baseline -0.003 -13"><span class='ocrx_word' id='word_1_76' title='bbox 267 1029 534 1081; x_wconf 88' lang='lat' dir='ltr'><strong>quaerendum</strong></span> <span class='ocrx_word' id='word_1_77' title='bbox 575 1029 663 1074; x_wconf 81' lang='lat' dir='ltr'><strong>erit,</strong></span> <span class='ocrx_word' id='word_1_78' title='bbox 706 1031 834 1065; x_wconf 87' lang='lat' dir='ltr'><strong>utrum</strong></span> <span class='ocrx_word' id='word_1_79' title='bbox 874 1027 948 1065; x_wconf 91' lang='lat' dir='ltr'><strong>hoc</strong></span> <span class='ocrx_word' id='word_1_80' title='bbox 987 1027 1168 1065; x_wconf 90' lang='lat' dir='ltr'><strong>consulto</strong></span> <span class='ocrx_word' id='word_1_81' title='bbox 1208 1027 1257 1065; x_wconf 89' lang='lat' dir='ltr'><strong>ab</strong></span> <span class='ocrx_word' id='word_1_82' title='bbox 1296 1027 1554 1077; x_wconf 88' lang='lat' dir='ltr'><strong>epitomatore</strong></span> <span class='ocrx_word' id='word_1_83' title='bbox 1584 1027 1754 1077; x_wconf 87' lang='lat' dir='ltr'><strong>quodam</strong></span> 
     </span>
     <span class='ocr_line' id='line_1_13' title="bbox 268 1093 1754 1146; baseline -0.003 -10"><span class='ocrx_word' id='word_1_84' title='bbox 268 1098 413 1136; x_wconf 90' lang='lat' dir='ltr'><strong>factum</strong></span> <span class='ocrx_word' id='word_1_85' title='bbox 446 1097 506 1143; x_wconf 81' lang='lat' dir='ltr'><strong>sit,</strong></span> <span class='ocrx_word' id='word_1_86' title='bbox 538 1109 585 1134; x_wconf 84' lang='lat' dir='ltr'><strong>an</strong></span> <span class='ocrx_word' id='word_1_87' title='bbox 618 1096 831 1146; x_wconf 87' lang='lat' dir='ltr'><strong>depravata</strong></span> <span class='ocrx_word' id='word_1_88' title='bbox 863 1094 1010 1133; x_wconf 88' lang='lat' dir='ltr'><strong>codicis</strong></span> <span class='ocrx_word' id='word_1_89' title='bbox 1031 1095 1238 1144; x_wconf 82' lang='lat' dir='ltr'><strong>archetypi</strong></span> <span class='ocrx_word' id='word_1_90' title='bbox 1270 1094 1450 1134; x_wconf 89' lang='lat' dir='ltr'><strong>condicio</strong></span> <span class='ocrx_word' id='word_1_91' title='bbox 1474 1106 1592 1134; x_wconf 86' lang='lat' dir='ltr'><strong>causa</strong></span> <span class='ocrx_word' id='word_1_92' title='bbox 1623 1093 1754 1133; x_wconf 77' lang='lat' dir='ltr'><strong>fuerIt.</strong></span> 
     </span>
    </p>
   </div>
   <div class='ocr_carea' id='block_1_5' title="bbox 267 1174 1756 1634">
    <p class='ocr_par' dir='ltr' id='par_1_5' title="bbox 267 1174 1756 1634">
     <span class='ocr_line' id='line_1_14' title="bbox 383 1174 1753 1226; baseline -0.001 -12"><span class='ocrx_word' id='word_1_93' title='bbox 383 1177 512 1226; x_wconf 83' lang='lat' dir='ltr'><strong>Atque</strong></span> <span class='ocrx_word' id='word_1_94' title='bbox 544 1177 760 1214; x_wconf 85' lang='lat' dir='ltr'><strong>Kramerus</strong></span> <span class='ocrx_word' id='word_1_95' title='bbox 792 1174 947 1224; x_wconf 88' lang='lat' dir='ltr'><strong>quidem</strong></span> <span class='ocrx_word' id='word_1_96' title='bbox 980 1174 1082 1212; x_wconf 87' lang='lat' dir='ltr'><strong>hanc</strong></span> <span class='ocrx_word' id='word_1_97' title='bbox 1103 1175 1372 1224; x_wconf 83' lang='lat' dir='ltr'><strong>quaestionem</strong></span> <span class='ocrx_word' id='word_1_98' title='bbox 1397 1174 1515 1213; x_wconf 87' lang='lat' dir='ltr'><strong>facile</strong></span> <span class='ocrx_word' id='word_1_99' title='bbox 1537 1174 1753 1213; x_wconf 87' lang='lat' dir='ltr'><strong>diiudicare</strong></span> 
     </span>
     <span class='ocr_line' id='line_1_15' title="bbox 267 1242 1754 1292; baseline -0.002 -9"><span class='ocrx_word' id='word_1_100' title='bbox 267 1245 337 1283; x_wconf 84' lang='lat' dir='ltr'><strong>sibi</strong></span> <span class='ocrx_word' id='word_1_101' title='bbox 371 1244 539 1289; x_wconf 84' lang='lat' dir='ltr'><strong>videtur,</strong></span> <span class='ocrx_word' id='word_1_102' title='bbox 572 1256 657 1281; x_wconf 90' lang='lat' dir='ltr'><strong>cum</strong></span> <span class='ocrx_word' id='word_1_103' title='bbox 690 1242 812 1292; x_wconf 87' lang='lat' dir='ltr'><strong>praef.</strong></span> <span class='ocrx_word' id='word_1_104' title='bbox 834 1255 922 1292; x_wconf 86' lang='lat' dir='ltr'>pag.</span> <span class='ocrx_word' id='word_1_105' title='bbox 945 1243 1033 1280; x_wconf 86' lang='lat' dir='ltr'><strong>LXI</strong></span> <span class='ocrx_word' id='word_1_106' title='bbox 1069 1242 1167 1280; x_wconf 82' lang='lat' dir='ltr'><strong>haec</strong></span> <span class='ocrx_word' id='word_1_107' title='bbox 1197 1243 1446 1292; x_wconf 86' lang='lat' dir='ltr'><strong>pronuntiat:</strong></span> <span class='ocrx_word' id='word_1_108' title='bbox 1483 1243 1551 1289; x_wconf 89' lang='lat' dir='ltr'><strong>„In</strong></span> <span class='ocrx_word' id='word_1_109' title='bbox 1583 1243 1628 1281; x_wconf 85' lang='lat' dir='ltr'><strong>iis</strong></span> <span class='ocrx_word' id='word_1_110' title='bbox 1660 1242 1698 1286; x_wconf 93' lang='lat' dir='ltr'><strong>(i.</strong></span> <span class='ocrx_word' id='word_1_111' title='bbox 1720 1254 1754 1281; x_wconf 91' lang='grc'><strong>6.</strong></span> 
     </span>
     <span class='ocr_line' id='line_1_16' title="bbox 268 1309 1756 1361; baseline -0.001 -11"><span class='ocrx_word' id='word_1_112' title='bbox 268 1312 468 1351; x_wconf 80' lang='lat' dir='ltr'><strong>codicibus</strong></span> <span class='ocrx_word' id='word_1_113' title='bbox 499 1309 725 1358; x_wconf 83' lang='lat' dir='ltr'><strong>decurtatis)</strong></span> <span class='ocrx_word' id='word_1_114' title='bbox 758 1323 835 1349; x_wconf 88' lang='lat' dir='ltr'><strong>non</strong></span> <span class='ocrx_word' id='word_1_115' title='bbox 858 1313 1010 1348; x_wconf 89' lang='lat' dir='ltr'><strong>tantum</strong></span> <span class='ocrx_word' id='word_1_116' title='bbox 1034 1311 1230 1360; x_wconf 85' lang='lat' dir='ltr'><strong>permulta</strong></span> <span class='ocrx_word' id='word_1_117' title='bbox 1261 1310 1308 1348; x_wconf 90' lang='lat' dir='ltr'><strong>ab</strong></span> <span class='ocrx_word' id='word_1_118' title='bbox 1339 1311 1504 1361; x_wconf 86' lang='lat' dir='ltr'><strong>antiquo</strong></span> <span class='ocrx_word' id='word_1_119' title='bbox 1527 1311 1756 1349; x_wconf 83' lang='lat' dir='ltr'><strong>breviatore</strong></span> 
     </span>
     <span class='ocr_line' id='line_1_17' title="bbox 267 1378 1755 1429; baseline -0.001 -11"><span class='ocrx_word' id='word_1_120' title='bbox 267 1381 409 1419; x_wconf 84' lang='lat' dir='ltr'><strong>omissa</strong></span> <span class='ocrx_word' id='word_1_121' title='bbox 440 1384 541 1429; x_wconf 86' lang='lat' dir='ltr'><strong>sunt,</strong></span> <span class='ocrx_word' id='word_1_122' title='bbox 573 1379 639 1417; x_wconf 87' lang='lat' dir='ltr'><strong>sed</strong></span> <span class='ocrx_word' id='word_1_123' title='bbox 672 1379 862 1418; x_wconf 85' lang='lat' dir='ltr'><strong>nonnulla</strong></span> <span class='ocrx_word' id='word_1_124' title='bbox 895 1379 1011 1416; x_wconf 87' lang='lat' dir='ltr'><strong>etiam</strong></span> <span class='ocrx_word' id='word_1_125' title='bbox 1033 1378 1131 1417; x_wconf 87' lang='lat' dir='ltr'><strong>locis</strong></span> <span class='ocrx_word' id='word_1_126' title='bbox 1153 1379 1388 1428; x_wconf 87' lang='lat' dir='ltr'><strong>quibusdam</strong></span> <span class='ocrx_word' id='word_1_127' title='bbox 1419 1379 1457 1416; x_wconf 92' lang='lat' dir='ltr'><strong>in</strong></span> <span class='ocrx_word' id='word_1_128' title='bbox 1481 1379 1642 1417; x_wconf 88' lang='lat' dir='ltr'><strong>brevius</strong></span> <span class='ocrx_word' id='word_1_129' title='bbox 1665 1390 1755 1417; x_wconf 87' lang='lat' dir='ltr'><strong>con-</strong></span> 
     </span>
     <span class='ocr_line' id='line_1_18' title="bbox 267 1446 1754 1496; baseline -0.003 -8"><span class='ocrx_word' id='word_1_130' title='bbox 267 1452 390 1488; x_wconf 82' lang='lat' dir='ltr'><strong>tracta</strong></span> <span class='ocrx_word' id='word_1_131' title='bbox 421 1452 459 1486; x_wconf 90' lang='lat' dir='ltr'><strong>et</strong></span> <span class='ocrx_word' id='word_1_132' title='bbox 491 1446 671 1485; x_wconf 81' lang='lat' dir='ltr'><strong>mutata.“</strong></span> <span class='ocrx_word' id='word_1_133' title='bbox 736 1448 854 1484; x_wconf 82' lang='lat' dir='ltr'><strong>Putat</strong></span> <span class='ocrx_word' id='word_1_134' title='bbox 880 1447 1000 1496; x_wconf 83' lang='lat' dir='ltr'><strong>igitur</strong></span> <span class='ocrx_word' id='word_1_135' title='bbox 1031 1447 1091 1485; x_wconf 89' lang='lat' dir='ltr'><strong>vir</strong></span> <span class='ocrx_word' id='word_1_136' title='bbox 1113 1447 1400 1485; x_wconf 79' lang='lat' dir='ltr'><strong>illustrissimus</strong></span> <span class='ocrx_word' id='word_1_137' title='bbox 1432 1447 1614 1485; x_wconf 87' lang='lat' dir='ltr'><strong>consulto</strong></span> <span class='ocrx_word' id='word_1_138' title='bbox 1646 1447 1754 1486; x_wconf 84' lang='lat' dir='ltr'><strong>illam</strong></span> 
     </span>
     <span class='ocr_line' id='line_1_19' title="bbox 267 1514 1755 1564; baseline -0.001 -9"><span class='ocrx_word' id='word_1_139' title='bbox 267 1518 447 1556; x_wconf 81' lang='lat' dir='ltr'><strong>iniuriam</strong></span> <span class='ocrx_word' id='word_1_140' title='bbox 479 1515 585 1553; x_wconf 85' lang='lat' dir='ltr'><strong>libris</strong></span> <span class='ocrx_word' id='word_1_141' title='bbox 609 1516 697 1553; x_wconf 90' lang='lat' dir='ltr'>VIII</span> <span class='ocrx_word' id='word_1_142' title='bbox 728 1519 765 1553; x_wconf 81' lang='lat' dir='ltr'><strong>et</strong></span> <span class='ocrx_word' id='word_1_143' title='bbox 788 1515 841 1553; x_wconf 82' lang='lat' dir='ltr'><strong>IX</strong></span> <span class='ocrx_word' id='word_1_144' title='bbox 873 1515 1031 1552; x_wconf 83' lang='lat' dir='ltr'><strong>allatam</strong></span> <span class='ocrx_word' id='word_1_145' title='bbox 1063 1526 1157 1553; x_wconf 85' lang='lat' dir='ltr'><strong>esse.</strong></span> <span class='ocrx_word' id='word_1_146' title='bbox 1219 1514 1289 1554; x_wconf 86' lang='lat' dir='ltr'><strong>Cui</strong></span> <span class='ocrx_word' id='word_1_147' title='bbox 1311 1514 1487 1564; x_wconf 87' lang='lat' dir='ltr'><strong>opinioni</strong></span> <span class='ocrx_word' id='word_1_148' title='bbox 1519 1514 1617 1553; x_wconf 87' lang='lat' dir='ltr'><strong>haec</strong></span> <span class='ocrx_word' id='word_1_149' title='bbox 1637 1527 1755 1564; x_wconf 85' lang='lat' dir='ltr'><strong>argu-</strong></span> 
     </span>
     <span class='ocr_line' id='line_1_20' title="bbox 268 1583 924 1634; baseline -0.003 -11"><span class='ocrx_word' id='word_1_150' title='bbox 268 1584 399 1623; x_wconf 86' lang='lat' dir='ltr'><strong>menta</strong></span> <span class='ocrx_word' id='word_1_151' title='bbox 431 1596 633 1634; x_wconf 88' lang='lat' dir='ltr'><strong>opponere</strong></span> <span class='ocrx_word' id='word_1_152' title='bbox 666 1583 756 1621; x_wconf 88' lang='lat' dir='ltr'><strong>mihi</strong></span> <span class='ocrx_word' id='word_1_153' title='bbox 789 1583 924 1621; x_wconf 86' lang='lat' dir='ltr'><strong>liceat:</strong></span> 
     </span>
    </p>
   </div>
   <div class='ocr_carea' id='block_1_6' title="bbox 265 1663 1755 2042">
    <p class='ocr_par' dir='ltr' id='par_1_6' title="bbox 265 1663 1755 2042">
     <span class='ocr_line' id='line_1_21' title="bbox 381 1663 1754 1712; baseline -0.001 -9"><span class='ocrx_word' id='word_1_154' title='bbox 381 1668 413 1704; x_wconf 88' lang='lat'><strong>1.</strong></span> <span class='ocrx_word' id='word_1_155' title='bbox 447 1664 520 1711; x_wconf 81' lang='lat' dir='ltr'><strong>Qui</strong></span> <span class='ocrx_word' id='word_1_156' title='bbox 552 1664 695 1702; x_wconf 86' lang='lat' dir='ltr'><strong>factum</strong></span> <span class='ocrx_word' id='word_1_157' title='bbox 729 1667 797 1709; x_wconf 83' lang='lat' dir='ltr'><strong>est,</strong></span> <span class='ocrx_word' id='word_1_158' title='bbox 830 1667 872 1702; x_wconf 91' lang='lat' dir='ltr'><strong>ut</strong></span> <span class='ocrx_word' id='word_1_159' title='bbox 901 1663 940 1701; x_wconf 90' lang='lat' dir='ltr'><strong>in</strong></span> <span class='ocrx_word' id='word_1_160' title='bbox 972 1663 1079 1702; x_wconf 84' lang='lat' dir='ltr'><strong>libris</strong></span> <span class='ocrx_word' id='word_1_161' title='bbox 1104 1663 1194 1701; x_wconf 91' lang='lat' dir='ltr'>VIII</span> <span class='ocrx_word' id='word_1_162' title='bbox 1226 1666 1265 1702; x_wconf 89' lang='lat' dir='ltr'><strong>ct</strong></span> <span class='ocrx_word' id='word_1_163' title='bbox 1296 1663 1350 1701; x_wconf 85' lang='lat' dir='ltr'><strong>IX</strong></span> <span class='ocrx_word' id='word_1_164' title='bbox 1381 1663 1492 1712; x_wconf 86' lang='lat' dir='ltr'><strong>solis,</strong></span> <span class='ocrx_word' id='word_1_165' title='bbox 1531 1675 1609 1701; x_wconf 91' lang='lat' dir='ltr'><strong>non</strong></span> <span class='ocrx_word' id='word_1_166' title='bbox 1641 1663 1754 1701; x_wconf 90' lang='lat' dir='ltr'><strong>ctiam</strong></span> 
     </span>
     <span class='ocr_line' id='line_1_22' title="bbox 265 1730 1755 1781; baseline -0.001 -11"><span class='ocrx_word' id='word_1_167' title='bbox 265 1733 303 1770; x_wconf 89' lang='lat' dir='ltr'><strong>in</strong></span> <span class='ocrx_word' id='word_1_168' title='bbox 336 1733 475 1770; x_wconf 83' lang='lat' dir='ltr'><strong>ceteris</strong></span> <span class='ocrx_word' id='word_1_169' title='bbox 513 1743 651 1769; x_wconf 84' lang='lat' dir='ltr'><strong>manus</strong></span> <span class='ocrx_word' id='word_1_170' title='bbox 691 1731 924 1769; x_wconf 82' lang='lat' dir='ltr'><strong>bre-viatoris</strong></span> <span class='ocrx_word' id='word_1_171' title='bbox 964 1732 1246 1779; x_wconf 76' lang='lat' dir='ltr'><strong>grassaretur?</strong></span> <span class='ocrx_word' id='word_1_172' title='bbox 1297 1731 1543 1781; x_wconf 79' lang='lat' dir='ltr'><strong>Quamquam</strong></span> <span class='ocrx_word' id='word_1_173' title='bbox 1582 1731 1684 1769; x_wconf 86' lang='lat' dir='ltr'><strong>enim</strong></span> <span class='ocrx_word' id='word_1_174' title='bbox 1715 1730 1755 1769; x_wconf 90' lang='lat' dir='ltr'><strong>in</strong></span> 
     </span>
     <span class='ocr_line' id='line_1_23' title="bbox 265 1797 1754 1849; baseline -0.001 -11"><span class='ocrx_word' id='word_1_175' title='bbox 265 1800 373 1838; x_wconf 85' lang='lat' dir='ltr'><strong>libris</strong></span> <span class='ocrx_word' id='word_1_176' title='bbox 405 1799 560 1838; x_wconf 86' lang='lat' dir='ltr'>I——VII</span> <span class='ocrx_word' id='word_1_177' title='bbox 593 1799 790 1837; x_wconf 87' lang='lat' dir='ltr'><strong>interdum</strong></span> <span class='ocrx_word' id='word_1_178' title='bbox 824 1811 950 1849; x_wconf 86' lang='lat' dir='ltr'><strong>pauca</strong></span> <span class='ocrx_word' id='word_1_179' title='bbox 983 1798 1288 1847; x_wconf 85' lang='lat' dir='ltr'><strong>interciderunt,</strong></span> <span class='ocrx_word' id='word_1_180' title='bbox 1326 1803 1456 1836; x_wconf 86' lang='lat' dir='ltr'><strong>tamen</strong></span> <span class='ocrx_word' id='word_1_181' title='bbox 1494 1799 1592 1837; x_wconf 85' lang='lat' dir='ltr'><strong>haec</strong></span> <span class='ocrx_word' id='word_1_182' title='bbox 1630 1801 1668 1837; x_wconf 90' lang='lat' dir='ltr'><strong>ct</strong></span> <span class='ocrx_word' id='word_1_183' title='bbox 1704 1797 1754 1836; x_wconf 88' lang='lat' dir='ltr'><strong>ad</strong></span> 
     </span>
     <span class='ocr_line' id='line_1_24' title="bbox 266 1866 1754 1918; baseline -0.001 -12"><span class='ocrx_word' id='word_1_184' title='bbox 266 1868 443 1918; x_wconf 84' lang='lat' dir='ltr'><strong>singulos</strong></span> <span class='ocrx_word' id='word_1_185' title='bbox 474 1867 744 1906; x_wconf 85' lang='lat' dir='ltr'><strong>tantummodo</strong></span> <span class='ocrx_word' id='word_1_186' title='bbox 777 1867 948 1917; x_wconf 87' lang='lat' dir='ltr'><strong>codices,</strong></span> <span class='ocrx_word' id='word_1_187' title='bbox 979 1879 1056 1905; x_wconf 87' lang='lat' dir='ltr'><strong>non</strong></span> <span class='ocrx_word' id='word_1_188' title='bbox 1090 1866 1138 1905; x_wconf 88' lang='lat' dir='ltr'><strong>ad</strong></span> <span class='ocrx_word' id='word_1_189' title='bbox 1172 1870 1293 1905; x_wconf 84' lang='lat' dir='ltr'><strong>totam</strong></span> <span class='ocrx_word' id='word_1_190' title='bbox 1326 1866 1622 1905; x_wconf 89' lang='lat' dir='ltr'><strong>dccurtatorum</strong></span> <span class='ocrx_word' id='word_1_191' title='bbox 1645 1866 1754 1905; x_wconf 87' lang='lat' dir='ltr'><strong>fami-</strong></span> 
     </span>
     <span class='ocr_line' id='line_1_25' title="bbox 268 1934 1754 1986; baseline -0.001 -12"><span class='ocrx_word' id='word_1_192' title='bbox 268 1936 354 1974; x_wconf 83' lang='lat' dir='ltr'><strong>liam</strong></span> <span class='ocrx_word' id='word_1_193' title='bbox 388 1937 585 1986; x_wconf 80' lang='lat' dir='ltr'><strong>pertinent</strong></span> <span class='ocrx_word' id='word_1_194' title='bbox 616 1940 654 1973; x_wconf 88' lang='lat' dir='ltr'><strong>et</strong></span> <span class='ocrx_word' id='word_1_195' title='bbox 686 1936 802 1984; x_wconf 86' lang='lat' dir='ltr'><strong>culpa</strong></span> <span class='ocrx_word' id='word_1_196' title='bbox 835 1935 982 1973; x_wconf 86' lang='lat' dir='ltr'><strong>librarii</strong></span> <span class='ocrx_word' id='word_1_197' title='bbox 1023 1934 1071 1973; x_wconf 90' lang='lat' dir='ltr'><strong>ad</strong></span> <span class='ocrx_word' id='word_1_198' title='bbox 1105 1935 1230 1974; x_wconf 81' lang='lat' dir='ltr'><strong>simile</strong></span> <span class='ocrx_word' id='word_1_199' title='bbox 1263 1934 1459 1984; x_wconf 86' lang='lat' dir='ltr'><strong>quoddam</strong></span> <span class='ocrx_word' id='word_1_200' title='bbox 1491 1935 1657 1973; x_wconf 85' lang='lat' dir='ltr'><strong>verbum</strong></span> <span class='ocrx_word' id='word_1_201' title='bbox 1688 1935 1754 1973; x_wconf 80' lang='lat' dir='ltr'><strong>ab-</strong></span> 
     </span>
     <span class='ocr_line' id='line_1_26' title="bbox 269 2004 745 2042; baseline 0 -1"><span class='ocrx_word' id='word_1_202' title='bbox 269 2004 437 2042; x_wconf 85' lang='lat' dir='ltr'><strong>errantis</strong></span> <span class='ocrx_word' id='word_1_203' title='bbox 469 2004 611 2042; x_wconf 86' lang='lat' dir='ltr'><strong>omissa</strong></span> <span class='ocrx_word' id='word_1_204' title='bbox 642 2006 745 2041; x_wconf 89' lang='lat' dir='ltr'><strong>sunt.</strong></span> 
     </span>
    </p>
   </div>
   <div class='ocr_carea' id='block_1_7' title="bbox 265 2083 1756 2891">
    <p class='ocr_par' dir='ltr' id='par_1_7' title="bbox 265 2083 1753 2328">
     <span class='ocr_line' id='line_1_27' title="bbox 378 2083 1753 2123; baseline -0.002 0"><span class='ocrx_word' id='word_1_205' title='bbox 378 2088 412 2123; x_wconf 79' lang='lat'><strong>2.</strong></span> <span class='ocrx_word' id='word_1_206' title='bbox 457 2085 535 2123; x_wconf 84' lang='lat' dir='ltr'><strong>Cur</strong></span> <span class='ocrx_word' id='word_1_207' title='bbox 574 2084 774 2123; x_wconf 84' lang='lat' dir='ltr'><strong>breviator</strong></span> <span class='ocrx_word' id='word_1_208' title='bbox 815 2097 892 2123; x_wconf 91' lang='lat' dir='ltr'><strong>non</strong></span> <span class='ocrx_word' id='word_1_209' title='bbox 933 2087 1036 2123; x_wconf 85' lang='lat' dir='ltr'><strong>totos</strong></span> <span class='ocrx_word' id='word_1_210' title='bbox 1079 2084 1199 2123; x_wconf 89' lang='lat' dir='ltr'><strong>libros</strong></span> <span class='ocrx_word' id='word_1_211' title='bbox 1237 2087 1418 2122; x_wconf 87' lang='lat' dir='ltr'><strong>octavum</strong></span> <span class='ocrx_word' id='word_1_212' title='bbox 1459 2086 1498 2121; x_wconf 89' lang='lat' dir='ltr'><strong>et</strong></span> <span class='ocrx_word' id='word_1_213' title='bbox 1534 2094 1680 2120; x_wconf 91' lang='lat' dir='ltr'><strong>nonum</strong></span> <span class='ocrx_word' id='word_1_214' title='bbox 1714 2083 1753 2120; x_wconf 91' lang='lat' dir='ltr'><strong>in</strong></span> 
     </span>
     <span class='ocr_line' id='line_1_28' title="bbox 265 2151 1752 2204; baseline -0.001 -13"><span class='ocrx_word' id='word_1_215' title='bbox 265 2154 480 2192; x_wconf 87' lang='lat' dir='ltr'><strong>breviorem</strong></span> <span class='ocrx_word' id='word_1_216' title='bbox 512 2153 675 2192; x_wconf 87' lang='lat' dir='ltr'><strong>formam</strong></span> <span class='ocrx_word' id='word_1_217' title='bbox 708 2154 880 2204; x_wconf 83' lang='lat' dir='ltr'><strong>redegit,</strong></span> <span class='ocrx_word' id='word_1_218' title='bbox 916 2153 984 2192; x_wconf 86' lang='lat' dir='ltr'><strong>sed</strong></span> <span class='ocrx_word' id='word_1_219' title='bbox 1017 2154 1080 2192; x_wconf 89' lang='lat' dir='ltr'><strong>hic</strong></span> <span class='ocrx_word' id='word_1_220' title='bbox 1113 2158 1151 2192; x_wconf 84' lang='lat' dir='ltr'><strong>ct</strong></span> <span class='ocrx_word' id='word_1_221' title='bbox 1181 2154 1258 2192; x_wconf 90' lang='lat' dir='ltr'><strong>illic</strong></span> <span class='ocrx_word' id='word_1_222' title='bbox 1289 2151 1560 2190; x_wconf 87' lang='lat' dir='ltr'><strong>tantummodo</strong></span> <span class='ocrx_word' id='word_1_223' title='bbox 1593 2152 1752 2202; x_wconf 86' lang='lat' dir='ltr'><strong>singula</strong></span> 
     </span>
     <span class='ocr_line' id='line_1_29' title="bbox 266 2220 1753 2272; baseline 0 -14"><span class='ocrx_word' id='word_1_224' title='bbox 266 2220 457 2271; x_wconf 84' lang='lat' dir='ltr'><strong>quaedam</strong></span> <span class='ocrx_word' id='word_1_225' title='bbox 490 2221 654 2272; x_wconf 82' lang='lat' dir='ltr'><strong>delevit3</strong></span> <span class='ocrx_word' id='word_1_226' title='bbox 696 2235 766 2260; x_wconf 88' lang='lat' dir='ltr'><strong>cur</strong></span> <span class='ocrx_word' id='word_1_227' title='bbox 797 2224 1005 2272; x_wconf 86' lang='lat' dir='ltr'><strong>praeterea</strong></span> <span class='ocrx_word' id='word_1_228' title='bbox 1043 2223 1080 2260; x_wconf 89' lang='lat' dir='ltr'><strong>in</strong></span> <span class='ocrx_word' id='word_1_229' title='bbox 1120 2221 1203 2260; x_wconf 85' lang='lat' dir='ltr'><strong>aliis</strong></span> <span class='ocrx_word' id='word_1_230' title='bbox 1242 2220 1420 2271; x_wconf 85' lang='lat' dir='ltr'><strong>partibus</strong></span> <span class='ocrx_word' id='word_1_231' title='bbox 1457 2220 1675 2270; x_wconf 83' lang='lat' dir='ltr'><strong>permulta,</strong></span> <span class='ocrx_word' id='word_1_232' title='bbox 1715 2220 1753 2258; x_wconf 87' lang='lat' dir='ltr'><strong>in</strong></span> 
     </span>
     <span class='ocr_line' id='line_1_30' title="bbox 269 2289 788 2328; baseline 0.004 -2"><span class='ocrx_word' id='word_1_233' title='bbox 269 2290 354 2327; x_wconf 86' lang='lat' dir='ltr'><strong>aliis</strong></span> <span class='ocrx_word' id='word_1_234' title='bbox 386 2289 469 2327; x_wconf 85' lang='lat' dir='ltr'><strong>fere</strong></span> <span class='ocrx_word' id='word_1_235' title='bbox 501 2289 597 2328; x_wconf 89' lang='lat' dir='ltr'><strong>nihil</strong></span> <span class='ocrx_word' id='word_1_236' title='bbox 629 2290 788 2328; x_wconf 72' lang='lat' dir='ltr'><strong>omisit?</strong></span> 
     </span>
    </p>

    <p class='ocr_par' dir='ltr' id='par_1_8' title="bbox 267 2367 1756 2891">
     <span class='ocr_line' id='line_1_31' title="bbox 380 2367 1755 2419; baseline -0.002 -12"><span class='ocrx_word' id='word_1_237' title='bbox 380 2372 414 2407; x_wconf 83' lang='lat'><strong>3.</strong></span> <span class='ocrx_word' id='word_1_238' title='bbox 447 2368 605 2406; x_wconf 83' lang='lat' dir='ltr'><strong>Etiamsi</strong></span> <span class='ocrx_word' id='word_1_239' title='bbox 637 2368 903 2419; x_wconf 85' lang='lat' dir='ltr'><strong>concedimus,</strong></span> <span class='ocrx_word' id='word_1_240' title='bbox 935 2382 982 2407; x_wconf 87' lang='lat' dir='ltr'><strong>ea</strong></span> <span class='ocrx_word' id='word_1_241' title='bbox 1013 2367 1236 2418; x_wconf 87' lang='lat' dir='ltr'><strong>enuntiata,</strong></span> <span class='ocrx_word' id='word_1_242' title='bbox 1272 2380 1374 2417; x_wconf 87' lang='lat' dir='ltr'><strong>quae</strong></span> <span class='ocrx_word' id='word_1_243' title='bbox 1407 2367 1574 2406; x_wconf 88' lang='lat' dir='ltr'><strong>orationi</strong></span> <span class='ocrx_word' id='word_1_244' title='bbox 1606 2367 1755 2405; x_wconf 88' lang='lat' dir='ltr'><strong>inserta</strong></span> 
     </span>
     <span class='ocr_line' id='line_1_32' title="bbox 267 2435 1754 2486; baseline 0 -14"><span class='ocrx_word' id='word_1_245' title='bbox 267 2435 329 2473; x_wconf 80' lang='lat' dir='ltr'><strong>vel</strong></span> <span class='ocrx_word' id='word_1_246' title='bbox 362 2435 410 2473; x_wconf 86' lang='lat' dir='ltr'><strong>ad</strong></span> <span class='ocrx_word' id='word_1_247' title='bbox 432 2437 716 2475; x_wconf 84' lang='lat' dir='ltr'><strong>sententiarum</strong></span> <span class='ocrx_word' id='word_1_248' title='bbox 741 2449 935 2475; x_wconf 78' lang='lat' dir='ltr'><strong>conexum</strong></span> <span class='ocrx_word' id='word_1_249' title='bbox 959 2437 1107 2475; x_wconf 86' lang='lat' dir='ltr'><strong>nullius</strong></span> <span class='ocrx_word' id='word_1_250' title='bbox 1130 2437 1311 2475; x_wconf 87' lang='lat' dir='ltr'><strong>momenti</strong></span> <span class='ocrx_word' id='word_1_251' title='bbox 1335 2439 1441 2486; x_wconf 84' lang='lat' dir='ltr'><strong>sunt,</strong></span> <span class='ocrx_word' id='word_1_252' title='bbox 1471 2435 1642 2475; x_wconf 84' lang='lat' dir='ltr'><strong>fortasse</strong></span> <span class='ocrx_word' id='word_1_253' title='bbox 1663 2446 1754 2473; x_wconf 89' lang='lat' dir='ltr'><strong>con-</strong></span> 
     </span>
     <span class='ocr_line' id='line_1_33' title="bbox 267 2501 1754 2553; baseline 0 -13"><span class='ocrx_word' id='word_1_254' title='bbox 267 2503 366 2541; x_wconf 88' lang='lat' dir='ltr'><strong>sulto</strong></span> <span class='ocrx_word' id='word_1_255' title='bbox 399 2503 520 2541; x_wconf 86' lang='lat' dir='ltr'><strong>omitti</strong></span> <span class='ocrx_word' id='word_1_256' title='bbox 552 2505 739 2553; x_wconf 82' lang='lat' dir='ltr'><strong>potuisse,</strong></span> <span class='ocrx_word' id='word_1_257' title='bbox 771 2509 901 2543; x_wconf 85' lang='lat' dir='ltr'><strong>tamen</strong></span> <span class='ocrx_word' id='word_1_258' title='bbox 925 2504 999 2542; x_wconf 92' lang='lat' dir='ltr'><strong>hoc</strong></span> <span class='ocrx_word' id='word_1_259' title='bbox 1022 2505 1159 2542; x_wconf 88' lang='lat' dir='ltr'><strong>mirum</strong></span> <span class='ocrx_word' id='word_1_260' title='bbox 1183 2503 1351 2549; x_wconf 86' lang='lat' dir='ltr'><strong>videtur,</strong></span> <span class='ocrx_word' id='word_1_261' title='bbox 1383 2503 1490 2553; x_wconf 89' lang='lat' dir='ltr'><strong>quod</strong></span> <span class='ocrx_word' id='word_1_262' title='bbox 1521 2503 1559 2542; x_wconf 91' lang='lat' dir='ltr'><strong>in</strong></span> <span class='ocrx_word' id='word_1_263' title='bbox 1589 2501 1645 2541; x_wconf 83' lang='lat' dir='ltr'><strong>eis</strong></span> <span class='ocrx_word' id='word_1_264' title='bbox 1675 2514 1754 2540; x_wconf 89' lang='lat' dir='ltr'><strong>non</strong></span> 
     </span>
     <span class='ocr_line' id='line_1_34' title="bbox 268 2569 1755 2621; baseline 0 -14"><span class='ocrx_word' id='word_1_265' title='bbox 268 2569 403 2608; x_wconf 85' lang='lat' dir='ltr'><strong>eadem</strong></span> <span class='ocrx_word' id='word_1_266' title='bbox 436 2571 589 2609; x_wconf 85' lang='lat' dir='ltr'><strong>ratione</strong></span> <span class='ocrx_word' id='word_1_267' title='bbox 623 2583 717 2610; x_wconf 88' lang='lat' dir='ltr'><strong>usus</strong></span> <span class='ocrx_word' id='word_1_268' title='bbox 742 2576 801 2610; x_wconf 82' lang='lat' dir='ltr'><strong>est</strong></span> <span class='ocrx_word' id='word_1_269' title='bbox 832 2572 1043 2621; x_wconf 88' lang='lat' dir='ltr'><strong>breviator,</strong></span> <span class='ocrx_word' id='word_1_270' title='bbox 1074 2572 1142 2610; x_wconf 86' lang='lat' dir='ltr'><strong>sed</strong></span> <span class='ocrx_word' id='word_1_271' title='bbox 1175 2571 1276 2610; x_wconf 89' lang='lat' dir='ltr'><strong>idem</strong></span> <span class='ocrx_word' id='word_1_272' title='bbox 1309 2571 1392 2610; x_wconf 85' lang='lat' dir='ltr'><strong>fere</strong></span> <span class='ocrx_word' id='word_1_273' title='bbox 1423 2571 1529 2621; x_wconf 90' lang='lat' dir='ltr'><strong>quod</strong></span> <span class='ocrx_word' id='word_1_274' title='bbox 1551 2570 1636 2609; x_wconf 84' lang='lat' dir='ltr'><strong>aliis</strong></span> <span class='ocrx_word' id='word_1_275' title='bbox 1657 2569 1755 2608; x_wconf 88' lang='lat' dir='ltr'><strong>locis</strong></span> 
     </span>
     <span class='ocr_line' id='line_1_35' title="bbox 267 2631 1755 2688; baseline 0 -14"><span class='ocrx_word' id='word_1_276' title='bbox 267 2637 424 2685; x_wconf 77' lang='lat' dir='ltr'><strong>delevit,</strong></span> <span class='ocrx_word' id='word_1_277' title='bbox 455 2639 625 2676; x_wconf 86' lang='lat' dir='ltr'><strong>servavit</strong></span> <span class='ocrx_word' id='word_1_278' title='bbox 655 2640 751 2678; x_wconf 86' lang='lat' dir='ltr'><strong>aliis.</strong></span> <span class='ocrx_word' id='word_1_279' title='bbox 813 2641 932 2678; x_wconf 84' lang='lat' dir='ltr'><strong>Velut</strong></span> <span class='ocrx_word' id='word_1_280' title='bbox 953 2640 1047 2678; x_wconf 88' lang='lat' dir='ltr'><strong>talia</strong></span> <span class='ocrx_word' id='word_1_281' title='bbox 1068 2640 1233 2678; x_wconf 84' lang='lat' dir='ltr'><strong>desunt:</strong></span> <span class='ocrx_word' id='word_1_282' title='bbox 1266 2641 1301 2678; x_wconf 92' lang='lat' dir='ltr'><strong>II</strong></span> <span class='ocrx_word' id='word_1_283' title='bbox 1325 2643 1416 2686; x_wconf 84' lang='lat'><strong>146,</strong></span> <span class='ocrx_word' id='word_1_284' title='bbox 1439 2642 1462 2679; x_wconf 89' lang='lat'><strong>3</strong></span> <span class='ocrx_word' id='word_1_285' title='bbox 1495 2635 1654 2687; x_wconf 80' lang='grc' dir='ltr'>(ταῦτα</span> <span class='ocrx_word' id='word_1_286' title='bbox 1674 2631 1755 2688; x_wconf 76' lang='grc' dir='ltr'><strong>μὲν</strong></span> 
     </span>
     <span class='ocr_line' id='line_1_36' title="bbox 267 2695 1754 2759; baseline -0.005 -7"><span class='ocrx_word' id='word_1_287' title='bbox 267 2700 365 2753; x_wconf 59' lang='grc' dir='ltr'><strong>Περὶ</strong></span> <span class='ocrx_word' id='word_1_288' title='bbox 396 2703 471 2756; x_wconf 71' lang='grc' dir='ltr'><strong>τῆς</strong></span> <span class='ocrx_word' id='word_1_289' title='bbox 497 2695 696 2756; x_wconf 54' lang='grc' dir='ltr'><strong>Ἠλεία-,ῆς</strong></span> <span class='ocrx_word' id='word_1_290' title='bbox 731 2710 821 2756; x_wconf 85' lang='grc'><strong>149,</strong></span> <span class='ocrx_word' id='word_1_291' title='bbox 843 2711 865 2747; x_wconf 85' lang='grc'>5</span> <span class='ocrx_word' id='word_1_292' title='bbox 899 2704 974 2754; x_wconf 77' lang='grc' dir='ltr'><strong>(ὡς</strong></span> <span class='ocrx_word' id='word_1_293' title='bbox 994 2701 1358 2759; x_wconf 77' lang='grc' dir='ltr'><em>προειρήκαμεν);</em></span> <span class='ocrx_word' id='word_1_294' title='bbox 1391 2710 1484 2759; x_wconf 82' lang='lat'><strong>208,</strong></span> <span class='ocrx_word' id='word_1_295' title='bbox 1507 2710 1557 2747; x_wconf 87' lang='grc'><strong>16</strong></span> <span class='ocrx_word' id='word_1_296' title='bbox 1589 2701 1683 2757; x_wconf 86' lang='grc' dir='ltr'>(καὶ</span> <span class='ocrx_word' id='word_1_297' title='bbox 1711 2701 1754 2744; x_wconf 77' lang='grc' dir='ltr'><strong>οἱ</strong></span> 
     </span>
     <span class='ocr_line' id='line_1_37' title="bbox 274 2763 1751 2827; baseline 0.003 -20"><span class='ocrx_word' id='word_1_298' title='bbox 274 2766 350 2820; x_wconf 69' lang='grc' dir='ltr'><strong>μὲν</strong></span> <span class='ocrx_word' id='word_1_299' title='bbox 373 2764 494 2809; x_wconf 75' lang='grc' dir='ltr'>οὕτω</span> <span class='ocrx_word' id='word_1_300' title='bbox 518 2769 753 2824; x_wconf 68' lang='grc' dir='ltr'><strong>λέγουσιν),</strong></span> <span class='ocrx_word' id='word_1_301' title='bbox 785 2779 876 2824; x_wconf 80' lang='grc'><strong>244,</strong></span> <span class='ocrx_word' id='word_1_302' title='bbox 902 2779 950 2814; x_wconf 70' lang='lat'><strong>14</strong></span> <span class='ocrx_word' id='word_1_303' title='bbox 983 2763 1050 2826; x_wconf 75' lang='grc' dir='ltr'><strong>(ἧς</strong></span> <span class='ocrx_word' id='word_1_304' title='bbox 1072 2768 1393 2827; x_wconf 71' lang='grc' dir='ltr'><strong>ἑμνήσθημεν);</strong></span> <span class='ocrx_word' id='word_1_305' title='bbox 1426 2778 1519 2826; x_wconf 86' lang='grc'><strong>310,</strong></span> <span class='ocrx_word' id='word_1_306' title='bbox 1540 2777 1565 2814; x_wconf 93' lang='grc'>8</span> <span class='ocrx_word' id='word_1_307' title='bbox 1589 2764 1751 2826; x_wconf 76' lang='grc' dir='ltr'><strong>(ὥσπερ</strong></span> 
     </span>
     <span class='ocr_line' id='line_1_38' title="bbox 272 2834 1756 2891; baseline 0.005 -17"><span class='ocrx_word' id='word_1_308' title='bbox 272 2834 472 2890; x_wconf 61' lang='grc' dir='ltr'><strong>εἴρηται),</strong></span> <span class='ocrx_word' id='word_1_309' title='bbox 525 2854 688 2891; x_wconf 87' lang='lat' dir='ltr'><strong>prorsus</strong></span> <span class='ocrx_word' id='word_1_310' title='bbox 734 2843 871 2881; x_wconf 84' lang='lat' dir='ltr'><strong>similia</strong></span> <span class='ocrx_word' id='word_1_311' title='bbox 912 2855 1006 2883; x_wconf 88' lang='lat' dir='ltr'><strong>vero</strong></span> <span class='ocrx_word' id='word_1_312' title='bbox 1054 2844 1092 2882; x_wconf 90' lang='lat' dir='ltr'><strong>in</strong></span> <span class='ocrx_word' id='word_1_313' title='bbox 1142 2843 1288 2882; x_wconf 85' lang='lat' dir='ltr'><strong>eisdem</strong></span> <span class='ocrx_word' id='word_1_314' title='bbox 1335 2843 1536 2883; x_wconf 87' lang='lat' dir='ltr'><strong>codicibus</strong></span> <span class='ocrx_word' id='word_1_315' title='bbox 1577 2845 1756 2882; x_wconf 84' lang='lat' dir='ltr'><strong>exstant:</strong></span> 
     </span>
    </p>
   </div>
  </div>
 </body>
</html>
