1893 3204
1554 202 1578 238 5

92 314 285 355 Kramero
327 325 468 365 magna
499 325 544 351 ex
579 317 689 363 parte
723 313 795 351 iam
827 313 1090 352 examinatum
1132 317 1172 352 et.
1203 325 1304 364 quae
1335 312 1402 352 ille
1434 313 1579 352 intacta

90 380 287 434 reliquit¹)
325 381 452 421 omnia
485 393 771 432 percensui-cm.
831 378 919 429 Qua
943 393 983 419 rc
1017 381 1089 419 boc
1122 394 1180 420 me
1202 381 1383 421 effecisse
1412 381 1579 428 conlido,

90 452 134 492 ut
165 462 243 491 nou
273 449 399 490 solum
431 448 479 487 de
511 448 646 487 codice
680 448 856 488 Medieco
889 448 938 496 B,
979 448 1048 487 sod
1089 449 1135 487 dc.
1174 454 1254 488 tota
1295 448 1473 488 codicum
1512 448 1577 488 de·

87 522 330 560 curtat-orum
362 516 507 556 familia
538 518 683 556 certius
719 516 903 556 iudicium
935 516 1017 556 fleri
1051 518 1184 567 possit.

202 586 339 638 ltaque
371 597 458 625 cum
491 586 677 636 imprimis
709 584 757 624 de
781 585 854 623 hoe
874 596 1019 635 genere
1041 584 1222 624 codicum
1255 584 1449 625 disserere
1481 585 1573 624 mihi

88 654 126 695 in
157 643 288 694 animo
318 653 390 703 sit,
430 659 558 692 tamen
604 659 645 692 ut
687 666 767 692 rem
809 656 946 701 totam,
987 652 1117 703 quoad
1161 654 1246 692 eius
1288 653 1362 692 hoc
1401 657 1578 704 tempore

87 721 170 763 fleri
203 722 336 773 possit,
368 722 579 771 absolvam,
610 734 697 760 cum
729 721 799 760 hac
823 722 1055 772 quaestione
1085 721 1284 772 iungenda
1306 720 1493 761 videntur
1519 733 1579 772 ea,

87 802 190 843 quae
220 789 269 830 de
303 792 454 830 ratione
487 792 589 829 inter
619 790 792 829 codicem
827 790 1044 829 l'arisinum
1069 792 1100 828 A
1131 794 1170 829 et
1200 789 1429 829 decurtatos
1459 789 1577 829 inter-

84 859 253 900 cedente
295 858 639 898 commemorauda
670 865 772 898 suut.
833 859 972 898 'rotam
1004 871 1098 898 vero
1131 859 1401 909 quacstiouem
1434 859 1490 897 sic
1523 859 1577 898 in-

86 928 256 978 stituam,
278 934 318 967 ut
337 929 504 978 primum
522 927 679 978 quidem
697 939 812 978 quani
833 928 1021 967 rationem
1039 927 1195 966 codices
1217 927 1320 966 iuter
1335 940 1376 965 sc
1394 926 1579 980 habeant,

86 994 228 1035 deiude
267 1007 460 1046 quaenam
503 994 681 1033 codicum
723 995 970 1044 singulorum
1014 995 1063 1034 sit
1101 995 1335 1043 auctoritas,
1377 995 1577 1045 explicare

41 1058 46 1064 ’
86 1075 219 1104 coner.

822 1133 850 1171 l.

85 1205 279 1251 Codices
311 1206 621 1251 Strabouluui
661 1218 797 1259 quam
839 1207 1072 1250 rationem
1112 1207 1239 1251 iuter
1273 1219 1323 1251 se
1355 1207 1576 1252 habeant.

200 1302 468 1352 Disputaturis
510 1302 622 1340 nobis
668 1302 716 1340 dc
762 1302 963 1341 codicibus
1006 1302 1299 1351 Straboniauis,
1345 1304 1411 1355 qui
1455 1304 1577 1343 libros

87 1371 220 1411 1—1x
253 1371 452 1415 exhibent,
486 1372 652 1421 primum
685 1371 896 1410 dicendum
930 1372 1086 1411 videtur
1117 1372 1165 1411 de
1197 1373 1272 1421 eis,
1303 1373 1370 1423 qui
1403 1374 1578 1423 integros

84 1452 151 1479 eos
174 1440 376 1490 praebent,
408 1439 551 1478 deinde
584 1439 632 1478 de
655 1440 722 1488 eis,
754 1440 819 1490 qui
851 1444 1041 1490 excerpta
1073 1440 1346 1480 tantummodo
1379 1441 1440 1480 vel
1473 1441 1577 1491 frag-

85 1509 214 1547 menta
245 1509 466 1557 continent,
505 1520 675 1558 quocum
707 1520 852 1558 genere
890 1508 1058 1548 fortasse
1090 1521 1137 1548 ea
1176 1509 1360 1549 facillime
1392 1510 1575 1560 coniungi

83 1581 264 1627 possunt,
303 1589 406 1627 quae
447 1589 469 1615 a
500 1577 759 1627 scriptoribus
790 1577 964 1628 antiquis
1005 1590 1052 1616 cx
1084 1577 1288 1617 Strabonis
1330 1591 1450 1629 opere
1483 1579 1575 1629 glau-

83 1643 177 1684 data
208 1649 312 1684 sunt.

196 1713 327 1763 Atque
361 1712 529 1759 codices,
560 1714 626 1764 qui
660 1713 816 1763 quidem
850 1714 970 1752 libros
1002 1714 1133 1753 1—-1x
1165 1715 1343 1765 integros
1373 1715 1577 1765 praebent,

85 1784 128 1820 ut
158 1781 270 1830 siglis
301 1795 324 1819 a
355 1782 549 1820 Kramcro
579 1781 763 1821 adhibitis
796 1787 900 1828 utar,
937 1788 1050 1821 sunt:
1092 1784 1123 1821 A
1158 1783 1191 1821 B
1227 1784 1256 1820 C
1281 1795 1308 1832 9
1340 1783 1364 1821 Ιι
1397 1785 1410 1822 ι’
1440 1783 1465 1821 Ιι·
1493 1785 1509 1822 l
1538 1795 1575 1822 m

82 1860 108 1887 u
138 1859 163 1886 o
188 1861 220 1898 p
252 1861 276 1897 q
306 1860 325 1886 s
357 1854 370 1886 t
402 1861 425 1886 ιι
457 1861 488 1887 ι’.
550 1849 638 1898 Quo
669 1863 716 1888 ex
751 1862 913 1890 numero
953 1850 1083 1889 statim
1127 1851 1363 1890 secernendi
1406 1856 1498 1890 sunt
1529 1853 1575 1901 ei,

84 1929 186 1968 quos
219 1930 267 1956 ex
299 1917 385 1956 aliis
417 1918 632 1968 codicibus,
663 1919 729 1968 qui
762 1918 836 1969 ipsi
869 1931 1029 1970 quoque
1061 1919 1109 1957 ad
1143 1926 1317 1959 nostram
1351 1921 1573 1960 memoriam

82 1990 291 2035 venerunt,
323 1985 523 2025 derivatos
555 1999 640 2025 esse
673 2000 696 2025 a
729 1988 921 2026 Kramero
954 1987 1127 2026 dilucide
1159 1987 1470 2027 demonstratum
1501 1994 1573 2027 est.

82 2053 141 2093 Ex
172 2053 305 2093 codice
338 2054 516 2093 Parisino
549 2057 580 2092 Α
611 2055 712 2093 enim
756 2055 944 2104 originem
984 2055 1185 2094 duxerunt
1219 2068 1245 2104 y
1277 2056 1301 2093 Ιι
1334 2052 1347 2093 i
1386 2060 1426 2095 et
1456 2056 1574 2107 paulo

81 2120 239 2161 diversa
270 2122 333 2161 via
365 2134 390 2160 ιι
421 2136 442 2160 o
472 2134 522 2172 1›;
554 2136 601 2161 ex
634 2122 812 2162 Mediceo
836 2123 889 2160 lJ:
920 2123 946 2160 lc
977 2137 1000 2171 q
1033 2128 1048 2160 t
1082 2135 1125 2172 ιι;
1157 2136 1204 2162 cx
1241 2125 1390 2164 Veneto
1420 2126 1435 2163 l
1466 2125 1573 2164 deni-

82 2202 159 2240 que
179 2200 226 2228 m.
269 2190 445 2240 Quorum
469 2191 640 2229 omnium
664 2191 852 2229 rationem
877 2203 965 2229 cum
988 2191 1071 2242 ipse
1094 2204 1252 2242 quoque
1275 2191 1405 2232 denuo
1429 2193 1574 2232 exami-

82 2256 291 2303 navissem‚
323 2259 502 2298 Krameri
535 2258 583 2298 de
606 2260 662 2297 eis
694 2259 880 2297 iudicium
914 2259 1003 2297 mihi
1027 2259 1298 2299 confirmatum
1322 2264 1391 2300 est.
1444 2262 1572 2301 Unum

82 2329 233 2365 tantum
267 2325 415 2365 addere
444 2327 576 2365 licebit
607 2327 654 2365 de
686 2327 891 2366 codicibus
923 2339 947 2364 n
979 2340 1000 2365 o
1029 2339 1070 2376 ρ.
1132 2328 1263 2367 Primo
1285 2330 1386 2368 enim
1408 2334 1572 2380 aspectu

84 2394 283 2444 putaverit
314 2394 524 2445 quispiam,
555 2408 642 2434 cum
675 2408 699 2433 n
726 2408 756 2444 μ
788 2396 891 2434 solos
925 2396 1045 2434 libros
1068 2396 1178 2435 1—x
1210 2397 1423 2437 exhibeant
1453 2404 1573 2448 atque

82 2462 197 2501 etiam
232 2462 269 2501 in
301 2475 324 2501 o
361 2467 450 2514 post
481 2463 619 2502 decimi
653 2464 738 2502 libri
772 2464 885 2502 tinem
929 2464 1083 2514 reliqua
1124 2477 1216 2515 pars
1246 2467 1414 2517 paginae
1445 2479 1572 2506 vacua

84 2530 223 2569 relicta
254 2530 322 2575 sit.
353 2543 421 2570 eos
452 2544 500 2570 ex
532 2531 711 2571 Medicco
745 2532 799 2579 Β,
840 2533 986 2583 quippe
1025 2533 1092 2583 qui
1129 2545 1175 2571 ex
1208 2534 1349 2573 ceteris
1378 2535 1486 2574 solus
1517 2555 1572 2561 —

81 2603 239 2648 practer
269 2599 352 2637 eius
385 2600 617 2650 apographa
646 2619 702 2625 —
733 2600 868 2639 decem
902 2601 1052 2650 priores
1084 2600 1204 2640 libros
1235 2603 1454 2651 contineat,
1485 2615 1572 2642 esse

82 2664 307 2714 derivatos,
336 2670 455 2717 atque
488 2666 524 2705 id
557 2680 602 2705 co
632 2672 806 2716 tempore
839 2680 925 2706 cum
959 2668 1031 2707 iam
1063 2669 1238 2708 secunda
1270 2682 1383 2709 manu
1416 2684 1485 2708 cae
1516 2671 1569 2710 la·

82 2745 219 2779 cnunc,
253 2746 358 2784 quam
390 2736 427 2773 in
460 2734 639 2773 omuibus
661 2736 864 2774 codicibus
886 2736 1103 2775 decurtatis
1134 2738 1171 2776 in
1206 2738 1313 2777 libris
1337 2739 1426 2777 Vlll
1459 2746 1498 2777 ct
1519 2739 1571 2777 lX

179 2843 205 2884 2)
229 2839 284 2877 Ct‘.
311 2841 474 2878 Krameri
501 2842 614 2887 praef.
642 2851 724 2888 pag.
743 2842 820 2878 XC.
