1893 3204
275 215 297 252 8

273 329 371 366 linea
404 326 514 371 desit,
547 325 664 373 plane
694 325 906 372 appareat3
948 322 1110 367 eiusque
1141 319 1287 358 auxilio
1319 319 1401 357 ficri
1434 318 1600 368 poterit,
1637 318 1680 356 ut
1710 315 1760 356 de

275 396 369 434 locis
402 394 488 431 libri
521 393 573 430 IX
606 392 681 429 huc
712 389 984 440 spectantibus
1017 386 1203 425 iudicium
1235 386 1433 425 faciamus.

386 460 498 508 Quod
531 460 561 496 si
595 458 856 508 suspicemur,
886 456 1064 495 codicum
1089 453 1387 493 decurtatorum
1418 454 1596 492 iacturas
1627 464 1675 491 ex
1706 452 1761 491 la-

275 530 385 569 cunis
417 528 561 567 codicis
584 528 615 564 Α
647 526 838 576 originem
869 524 1036 568 habere,
1077 533 1240 560 necesse
1270 522 1341 569 sit,
1382 522 1500 561 etiam
1541 520 1657 560 hodie
1684 520 1762 559 illis

273 598 367 636 locis
398 597 435 634 in
469 594 603 633 codice
634 595 667 631 Α
707 604 912 643 superesse
943 592 1118 629 lacunas.
1178 590 1263 627 Hoc
1296 602 1387 628 vero
1430 588 1586 628 minime
1616 588 1761 628 evenit.

275 665 385 704 Multi
403 663 502 701 enim
520 662 780 701 inveniuntur
798 661 882 706 loci,
905 660 983 709 qui,
1001 669 1240 708 quamquam
1261 657 1301 695 in
1319 657 1432 695 codd.
1450 657 1558 696 decc.
1575 657 1763 696 omittun-

275 737 360 781 tur,
399 734 527 769 tamen
560 730 671 768 nulla
701 729 842 767 lacuna
872 729 910 766 in
942 728 974 764 Α
1006 729 1097 764 sunt
1128 725 1318 764 mutilati:
1361 726 1470 764 velut
1499 726 1537 764 II
1568 727 1761 774 230,15;

276 802 365 848 254,
390 801 457 848 123
489 800 582 847 282,
606 800 674 846 163
708 799 799 842 285,
825 800 862 845 13
893 797 985 841 287,
1011 796 1079 840 10;
1112 795 1205 840 288,
1224 796 1259 839 2,
1283 795 1354 842 24;
1386 795 1480 843 297,
1502 796 1544 842 5;
1576 795 1671 843 300,
1693 795 1764 842 10;

276 868 366 916 303,
390 869 461 914 13;
494 868 584 913 315,
608 867 654 914 23
694 864 758 902 ubi
791 875 946 912 semper
983 861 1020 900 id
1062 861 1167 911 quod
1199 860 1238 899 in
1271 860 1406 900 codice
1436 860 1451 898 l
1486 859 1624 899 deesse
1652 860 1759 899 Kra-

275 946 406 972 merus
430 936 717 979 commemorat,
749 932 863 969 etiam
898 931 935 968 in
961 930 995 967 B
1023 928 1145 968 deest.
1205 929 1355 967 Horum
1378 928 1555 967 locorum
1577 939 1770 967 numerus.

275 1005 489 1052 propterea
521 1013 597 1039 non
630 1001 751 1038 maior
783 1003 862 1047 est,
906 997 1012 1048 quod
1050 998 1284 1037 omissorum
1323 997 1497 1035 locorum
1530 995 1764 1046 magnitudo

275 1070 357 1109 fere
388 1081 542 1119 semper
570 1068 664 1107 illud
696 1067 864 1117 spatium
898 1069 1082 1116 superat,
1125 1065 1231 1115 quod
1262 1065 1302 1103 iu
1336 1064 1474 1103 codice
1505 1065 1537 1101 A
1568 1064 1766 1114 integrum

276 1152 298 1177 a
329 1138 481 1176 lacunis
512 1138 691 1175 relictum
724 1138 791 1173 est.
852 1135 938 1173 Hoc
969 1136 1101 1172 autem
1139 1146 1217 1172 non
1249 1134 1304 1171 ita
1334 1145 1518 1183 magnum
1549 1144 1636 1172 esse
1666 1132 1760 1171 satis

276 1205 492 1256 apparebit,
524 1205 554 1242 si
583 1203 908 1250 consideraveris,
939 1203 977 1240 in
1002 1213 1244 1251 unoquoque
1266 1213 1397 1250 versu,
1428 1202 1494 1251 qui
1525 1204 1585 1239 est
1613 1200 1761 1239 littera-

279 1287 363 1312 rum
397 1273 478 1311 fere
510 1272 791 1321 quadraginta,
831 1270 997 1320 periisse
1029 1270 1163 1308 literas
1195 1289 1248 1294 —
1282 1273 1323 1307 ut
1353 1269 1524 1308 medium
1557 1279 1765 1307 numerum

281 1341 542 1390 significemus
572 1361 627 1365 —
659 1352 799 1378 novem
831 1339 894 1376 vel
926 1338 1078 1387 decem,
1118 1337 1224 1376 haud
1255 1349 1345 1376 raro
1384 1340 1516 1376 autem
1552 1336 1766 1386 perniciem

279 1410 395 1447 ctiam
439 1408 488 1446 ad
528 1408 666 1457 viginti
707 1408 769 1444 vel
810 1407 945 1456 plures
985 1405 1200 1455 procedere
1240 1405 1403 1443 litteras.
1469 1405 1609 1454 Neque
1648 1404 1768 1454 igitur

281 1478 419 1515 mirum
451 1476 575 1514 videri
597 1478 736 1525 potest,
769 1473 874 1524 quod
908 1473 1105 1512 interdum
1128 1474 1242 1512 etiam
1266 1472 1445 1512 codicum
1469 1472 1766 1511 decurtatorum

284 1547 455 1584 iacturae
488 1557 574 1582 cum
606 1543 757 1581 lacunis
789 1543 932 1581 codicis
955 1545 986 1580 Α
1024 1541 1106 1580 fere
1137 1542 1390 1580 conveniunt.
1450 1541 1570 1580 Cuius
1599 1541 1656 1580 rei
1687 1540 1767 1580 duo

280 1613 409 1651 inveni
441 1611 638 1660 exempla:
670 1612 705 1649 H
728 1613 819 1655 219,
843 1613 906 1657 20,
940 1610 1003 1648 ubi
1036 1610 1073 1648 in
1098 1608 1210 1647 codd.
1234 1608 1341 1647 decc.
1365 1608 1507 1647 omissa
1529 1611 1621 1647 sunt
1639 1607 1765 1647 verba

279 1673 539 1730 πλήξιππον
570 1669 750 1725 zorad&
793 1692 878 1716 cum
910 1679 948 1717 in
980 1680 1013 1715 Α
1053 1678 1192 1716 lacuna
1229 1678 1278 1715 sit
1315 1678 1417 1715 inter
1455 1676 1632 1727 syllabas
1672 1668 1764 1726 πλή

279 1752 317 1785 ct
347 1736 431 1796 ότ’;
475 1752 512 1784 et
552 1749 724 1796 244,14
763 1747 826 1784 ubi
868 1747 904 1783 in
947 1745 1059 1784 codd.
1098 1745 1203 1783 decc.
1243 1744 1520 1783 desiderantur
1557 1743 1679 1782 verba
1717 1730 1769 1794 ἧς

287 1805 580 1866 ἐμνήσθημεν,
611 1827 697 1853 cum
730 1815 767 1852 in
790 1816 822 1852 Α
853 1814 983 1852 desint
1013 1813 1189 1864 syllabae
1221 1805 1429 1863 ἐμνήσθη.
1489 1811 1566 1851 Sed
1600 1816 1770 1862 utroque

278 1884 362 1922 loco
396 1896 482 1921 cum
514 1884 636 1921 verba
666 1883 734 1920 illa
765 1882 815 1921 ad
848 1893 1004 1920 sensum
1037 1894 1116 1920 non
1150 1884 1282 1919 essent
1313 1880 1556 1930 necessaria,
1592 1881 1632 1918 in
1664 1879 1769 1919 codi-

279 1964 364 1989 cum
397 1951 502 1989 decc.
533 1951 752 2001 archetypo
784 1950 898 1988 facile
931 1950 1053 1988 omitti
1085 1952 1311 1998 potuerunt.

392 2019 465 2058 Sed
506 2019 615 2057 multi
652 2019 766 2057 etiam
806 2019 963 2057 maioris
1001 2018 1188 2056 momenti
1225 2017 1259 2055 ei
1295 2021 1387 2055 sunt
1417 2016 1512 2066 loci,
1553 2016 1698 2067 quibus
1727 2016 1768 2054 in

286 2086 486 2124 codicibus
519 2086 735 2124 decurtatis
773 2086 897 2124 oratio
936 2085 1064 2123 subito
1101 2084 1158 2123 ita
1191 2084 1508 2134 interrumpitur,
1549 2087 1593 2122 ut
1631 2095 1772 2123 sensus

286 2154 433 2204 percipi
465 2167 542 2192 uon
574 2155 708 2204 possit.
769 2154 807 2192 Si
841 2154 943 2192 enim
966 2165 1144 2203 usquam,
1177 2158 1284 2191 certe
1317 2152 1377 2191 his
1398 2151 1494 2190 locis
1525 2151 1772 2206 apertissime

287 2222 442 2259 elucere
475 2225 691 2271 oporteret,
729 2221 908 2260 codicum
941 2221 1235 2259 decurtatorum
1267 2220 1503 2259 detrimenta
1544 2231 1592 2258 ex
1622 2219 1774 2258 lacunis

287 2288 431 2327 codicis
453 2287 491 2326 A
522 2289 709 2338 pendere.
769 2289 845 2328 Sed
879 2290 940 2327 hic
972 2301 1134 2340 quoque
1166 2289 1285 2338 longe
1317 2287 1498 2338 plurimis
1520 2287 1619 2327 locis
1649 2288 1688 2326 in
1711 2300 1774 2339 co·

287 2356 371 2393 dice
394 2357 425 2393 Α
456 2368 550 2394 sana
572 2360 662 2395 sunt
684 2359 825 2407 omnia,
855 2358 965 2396 velut
979 2356 1027 2403 ¹):
1061 2359 1153 2407 226,
1177 2359 1251 2406 24;
1287 2359 1380 2406 241,
1403 2359 1424 2395 1
1457 2354 1540 2402 (ubi
1567 2356 1607 2393 in
1630 2355 1716 2395 cod.
1737 2356 1774 2393 B

287 2427 374 2471 post
405 2413 491 2461 ἀπὸ
515 2420 559 2462 δὲ
590 2425 836 2475 abrumpitur
868 2425 1031 2472 orati0);
1064 2427 1157 2474 248,
1181 2427 1253 2475 10;
1286 2426 1379 2473 258,
1403 2427 1426 2463 2
1458 2423 1565 2473 (post
1591 2423 1773 2476 Τευμησ-

288 2488 368 2527 σοῦ
390 2487 498 2538 καὶ);
532 2495 622 2538 267,
647 2496 717 2541 133
741 2495 834 2543 286,
857 2497 907 2533 22
933 2489 1040 2543 (post
1060 2489 1310 2544 μέμνηται);
1344 2494 1435 2539 299,
1459 2495 1482 2532 2
1506 2488 1614 2542 (post
1638 2490 1775 2530 Φθῖοι

286 2555 440 2607 acam),
480 2561 570 2609 299,
592 2564 615 2598 4
648 2558 755 2610 (post
784 2554 1014 2611 μενεπτό),
1053 2564 1145 2611 304,
1168 2564 1191 2600 6
1224 2560 1330 2611 (post
1360 2555 1452 2598 ἐστὶ
1483 2556 1596 2611 καὶ);
1633 2562 1726 2606 311,
1749 2562 1774 2600 5

400 2668 427 2708 ¹)
451 2666 514 2701 Eis
533 2667 633 2711 locis,
658 2669 721 2702 ubi
748 2668 837 2703 nihil
864 2669 1051 2714 adnotavi,
1075 2669 1110 2703 in
1138 2669 1263 2704 codice
1281 2669 1316 2703 B
1339 2668 1435 2703 idem
1464 2668 1698 2703 desideratur
1721 2669 1776 2702 at-

288 2733 358 2766 que
383 2722 419 2756 in
446 2723 570 2758 codice
596 2724 614 2759 l.

401 2780 428 2822 ²)
457 2779 533 2814 Hoc
558 2780 639 2815 loco
666 2792 747 2816 cum
774 2783 879 2817 ctiam
905 2783 942 2816 in
968 2783 1094 2818 codice
1120 2794 1168 2826 m,
1201 2782 1341 2818 codicis
1363 2783 1377 2817 l
1399 2779 1623 2827 apographo,
1648 2779 1775 2816 eadem

289 2839 397 2877 atque
422 2835 457 2869 in
478 2836 509 2869 B
534 2836 662 2871 deesse
688 2837 943 2874 'Fzschuckius
969 2836 1136 2882 affirmet,
1162 2838 1240 2873 sine
1259 2838 1374 2873 dubio
1399 2837 1512 2873 cod.l
1535 2847 1618 2872 cum
1643 2836 1723 2872 cod.
1741 2835 1776 2871 B

289 2900 441 2934 prorsus
467 2893 658 2928 consentit.
