1893 3204
317 214 370 252 24

432 328 504 365 Vix
535 326 652 374 igitur
683 323 892 372 quisquam
925 321 1018 367 erit,
1057 317 1124 368 qui
1155 318 1193 355 in
1226 318 1302 356 isto
1334 328 1528 356 consensu
1561 316 1738 355 codicum
1773 315 1806 354 Α

319 399 357 435 et
386 397 418 444 l,
456 394 521 444 qui
554 390 799 441 paucissimis
830 386 1098 427 tantummodo
1133 385 1227 424 locis
1257 385 1350 424 inde
1381 399 1404 424 a
1434 398 1526 436 pag.
1553 386 1644 434 191,
1665 386 1717 424 22
1749 384 1806 422 in-

320 464 511 510 veniatur,
543 459 733 507 offendat3
765 461 886 507 atque
920 456 958 494 id
992 468 1036 493 eo
1070 454 1210 502 minus,
1239 454 1347 503 quod
1380 454 1554 492 codicem
1584 453 1599 490 l
1626 452 1665 491 in
1696 451 1807 491 libris

320 532 410 569 VIII
442 533 479 568 et
509 528 563 566 IX
595 540 642 565 ex
673 525 881 565 decurtato
914 523 1083 573 quodam
1108 521 1247 560 codice
1278 521 1519 572 descriptum
1552 532 1639 560 esse
1669 520 1807 570 negari

319 598 428 638 nullo
452 595 563 634 modo
595 596 736 644 potest.
795 593 935 642 Neque
957 603 1052 629 vero
1074 588 1182 635 illud,
1215 589 1322 639 quod
1353 602 1474 640 supra
1497 588 1630 636 statui,
1661 599 1809 638 negare

321 665 461 715 licebit,
491 662 699 701 codiceml
729 662 767 699 in
799 660 945 699 librisI
977 661 1016 697 et
1037 659 1073 696 Ι[
1105 669 1233 707 usque
1262 656 1312 695 ad
1344 670 1434 708 pag.
1459 660 1553 708 191,
1575 660 1628 697 22
1659 659 1730 696 aut
1758 667 1808 695 ex

323 735 406 783 ipso
430 731 564 769 codice
585 730 618 767 Α
646 749 703 756 -
733 729 806 766 iam
828 731 909 766 tum
938 725 1113 765 secunda
1134 737 1252 763 manu
1274 726 1458 775 suppleto
1488 730 1528 765 et
1548 726 1730 764 correcto
1752 744 1809 750 —

323 805 390 839 aut
420 812 468 838 ex
501 798 731 850 apographo
763 795 932 846 quodam
965 795 1047 832 eius
1079 794 1268 844 originem
1300 793 1479 839 duxisse;
1510 793 1616 832 unde
1647 805 1737 832 eum
1768 793 1807 831 in

326 870 398 907 hac
430 869 541 917 parte
572 866 719 904 nullam
752 864 908 902 omnino
940 862 1212 901 auctoritatem
1245 862 1392 900 habere
1422 861 1518 900 satis
1548 861 1685 911 liquet.

431 946 507 986 Sed
542 949 582 985 ut
612 948 875 993 revertamur,
915 941 1020 981 unde
1059 942 1223 992 digressi
1260 954 1415 992 sumus,
1453 941 1567 980 etiam
1598 953 1726 992 pauca
1756 940 1810 979 di-

322 1016 449 1056 cenda
478 1018 569 1054 sunt
601 1014 649 1052 de
681 1012 882 1051 codicibus
903 1022 923 1048 s
944 1022 975 1048 v.
1034 1011 1094 1049 Ex
1116 1011 1258 1060 quibus
1291 1023 1531 1060 quamquam
1563 1010 1730 1049 maxime
1761 1008 1810 1049 de

322 1085 467 1124 codicis
488 1095 509 1121 v
538 1082 771 1121 lectionibus
803 1079 1013 1118 admodum
1036 1091 1166 1129 pauca
1196 1079 1464 1128 innotuerunt,
1497 1081 1627 1117 tamen
1658 1077 1811 1117 artissi-

321 1165 420 1191 mam
453 1152 553 1189 inter
584 1161 650 1188 eos
681 1147 1010 1187 necessitudinem
1043 1147 1290 1186 intercedere
1329 1147 1574 1197 conspicitur
1604 1146 1664 1185 his
1695 1146 1811 1185 locis:

321 1221 356 1259 II
385 1222 459 1268 94,
487 1221 538 1258 23
576 1210 776 1267 (stoi-ici),
817 1217 888 1265 95,
919 1218 968 1255 16
1009 1208 1087 1262 (ἔτι
1126 1208 1322 1265 ἕᾳορος);
1363 1218 1463 1265 211,
1495 1219 1514 1253 1
1560 1212 1670 1262 (τῶν
1701 1210 1814 1263 om.);

323 1289 414 1335 332,
445 1289 494 1325 16
533 1275 683 1335 (αὐτῆς
720 1282 830 1334 om.);
873 1286 965 1329 334,
998 1286 1048 1322 16
1087 1278 1335 1333 (κλιναῖου).
1396 1282 1696 1332 Discrepantias
1733 1293 1812 1320 non

323 1355 452 1394 inveni
485 1354 559 1392 nisi
592 1352 711 1390 duas:
748 1353 787 1390 11
810 1354 903 1401 333,
924 1354 949 1390 4
982 1350 1019 1398 (v
1050 1363 1136 1405 cum
1169 1352 1310 1390 ceteris
1338 1350 1452 1389 codd.
1481 1345 1812 1402 σεληνουυτίου,

323 1436 342 1461 s
373 1417 706 1469 oslavovvrt'or)
740 1423 777 1458 et
810 1420 863 1457 III
893 1422 1060 1469 232,15
1093 1418 1130 1465 (v
1162 1415 1236 1456 καὶ
1266 1427 1367 1456 ασοι
1397 1415 1472 1456 καὶ
1502 1407 1762 1470 παρδάλεις,
1791 1428 1812 1455 s

324 1486 398 1528 καὶ
533 1481 812 1539 παρδάλεις);
843 1487 950 1526 unde
981 1490 1116 1538 aperte
1147 1488 1396 1537 perspicitur,
1428 1486 1601 1526 codicem
1622 1497 1644 1525 v
1674 1498 1722 1525 ex
1751 1498 1814 1525 co-

326 1559 414 1597 dice
435 1569 455 1595 s
487 1569 563 1596 non
596 1569 681 1595 esse
703 1556 955 1605 descriptum.
1016 1556 1155 1606 ltaque
1187 1556 1224 1594 in
1247 1555 1374 1595 medio
1406 1555 1710 1605 relinquendum
1743 1556 1815 1605 est,

325 1631 456 1666 utrum
488 1644 542 1650 -
573 1624 678 1674 quod
718 1624 756 1662 in
794 1627 904 1662 tanto
943 1636 1076 1663 eorum
1116 1636 1312 1663 consensu
1349 1623 1465 1662 facile
1496 1622 1728 1662 crediderim
1757 1642 1815 1648 —

324 1706 343 1732 s
375 1707 422 1734 ex
453 1705 485 1743 v,
515 1705 563 1730 an
587 1695 764 1741 ‘uterque
796 1704 843 1730 ex
875 1691 1013 1731 eodem
1046 1693 1226 1742 exemplo
1259 1691 1483 1742 descriptus
1512 1691 1573 1730 sit.

437 1769 517 1810 Iam
550 1783 636 1810 cum
669 1784 734 1820 ea,
773 1784 875 1821 quae
914 1771 962 1810 de
995 1771 1198 1811 codicibus
1237 1771 1406 1811 dicenda
1442 1774 1577 1822 erant,
1614 1770 1663 1809 ad
1695 1769 1813 1810 finem

327 1840 645 1892 perduxerimus,
680 1839 936 1889 relinquitur,
977 1843 1020 1877 ut
1050 1839 1104 1888 *de
1142 1840 1320 1889 epitomis
1357 1839 1540 1877 Palatina
1578 1841 1618 1878 et
1653 1838 1814 1878 Gemisti

325 1909 543 1958 Plethonis,
579 1907 627 1945 de
658 1907 828 1957 Synopsi
850 1908 1059 1956 Vaticana,
1097 1907 1146 1946 de
1177 1907 1409 1957 fragmentis
1440 1902 1814 1946 Grottaferratensi-

326 1979 409 2027 bus,
440 1976 488 2014 de
520 1975 716 2024 excerptis
748 1975 937 2024 Stephani
970 1978 1008 2013 et
1040 1976 1223 2014 Eustathi
1248 1975 1532 2024 Strabonianis,
1562 1974 1735 2025 denique
1765 1973 1815 2014 de

326 2046 381 2084 eis
412 2044 591 2094 partibus
623 2041 769 2081 codicis
791 2043 824 2080 Α
856 2047 894 2081 et
925 2043 1101 2081 codicum
1124 2055 1150 2081 η
1172 2054 1260 2092 op,
1301 2055 1400 2094 quas
1432 2043 1522 2082 totis
1553 2042 1657 2081 foliis
1695 2046 1816 2092 atque

328 2114 441 2152 etiam
479 2111 805 2162 quaternionibus
842 2112 880 2149 in
911 2113 942 2149 Α
979 2111 1252 2150 deficientibus
1290 2124 1339 2150 ex
1377 2111 1452 2150 alio
1491 2110 1628 2150 codiee
1657 2111 1816 2150 Strabo-

330 2182 447 2220 niano
480 2184 654 2228 sumptas
687 2191 772 2217 esse
805 2184 988 2230 apparet,
1020 2193 1136 2230 quam
1168 2181 1359 2219 rationem
1393 2191 1481 2218 cum
1512 2179 1677 2230 reliquis
1708 2178 1816 2218 codi-

334 2250 444 2287 cibus
475 2248 653 2293 habeant,
685 2248 820 2297 paucis
853 2248 1102 2287 disseramus.
1160 2249 1293 2298 Atque
1324 2247 1362 2286 id
1394 2249 1450 2286 ita
1480 2248 1743 2298 instituemus,
1773 2250 1817 2286 ut

330 2317 496 2367 primum
529 2314 577 2353 de
614 2315 685 2361 eis,
717 2327 819 2365 quae
851 2317 1010 2355 maioris
1050 2317 1233 2355 momenti
1265 2319 1375 2362 sunt,
1417 2316 1585 2367 epitome
1621 2316 1819 2365 Palatina,

334 2384 528 2432 excerptis
550 2382 750 2432 Stephani,
780 2383 1009 2434 fragmentis
1032 2384 1470 2433 Grottaferratensibus,
1501 2383 1644 2423 deinde
1674 2383 1723 2422 de
1754 2396 1816 2422 ce·

330 2452 437 2500 teris,
468 2462 569 2500 quae
601 2453 758 2499 praeter
789 2450 985 2502 Synopsin
1005 2451 1234 2490 Vaticanam
1268 2453 1397 2490 omnia
1429 2464 1476 2490 ex
1508 2451 1725 2490 decurtatis
1755 2463 1817 2490 co-

331 2519 482 2558 dicibus
513 2518 670 2556 fluxisse
703 2519 838 2569 liquet,
869 2521 993 2559 verba
1023 2520 1226 2559 faciamus,

443 2598 681 2646 Epitomes
712 2599 1009 2647 Palatinael)
1041 2601 1167 2650 qualis
1199 2603 1304 2638 esset
1335 2600 1456 2649 ratio,
1490 2600 1708 2638 Kramerus
1738 2611 1816 2638 non

331 2670 437 2705 recte
467 2664 717 2715 perspexisse
755 2667 845 2704 mihi
878 2668 1047 2707 videtur.
1107 2668 1202 2707 Cum
1241 2669 1340 2706 enim
1381 2667 1505 2718 praef.
1535 2680 1623 2719 pag.
1654 2667 1818 2705 LXXVI

332 2734 484 2782 statuit,
521 2731 711 2782 epitomas
741 2734 957 2773 Palatinam
991 2739 1030 2775 et
1063 2736 1290 2775 Vaticanam
1332 2740 1372 2774 et
1402 2739 1558 2774 ceteros
1589 2735 1817 2774 decurtatos

338 2801 492 2839 codices
528 2811 685 2845 „omnes
716 2813 787 2849 pro
820 2815 897 2841 uno
926 2805 1038 2854 quasi
1063 2804 1198 2843 codice
1220 2803 1425 2843 habendos
1446 2803 1574 2855 esse“‚
1603 2805 1710 2842 certe
1741 2803 1817 2841 hoe

452 2910 477 2951 1)
501 2909 555 2944 Dc
579 2909 648 2944 hae
674 2907 831 2952 epitome
857 2909 901 2945 cf.
928 2911 1094 2946 Krameri
1119 2912 1235 2957 praef.
1261 2922 1344 2956 pag.
1362 2910 1466 2946 XLII
1485 2921 1538 2955 sq.
